@inproceedings{
	AgoubKundeKada2016,
	author = {Agoub, Amgad and Kunde, Felix and Kada, Martin},
	title = {Potential of Graph Databases in Representing and Enriching Standardized Geodata},
	booktitle = {Dreiländertagung der DGPF, der OVG und der SGPF},
	location = {Bern, Switzerland},
	pages = {208-216},
	pagetotal = {9},
	year = {2015},
	month = {06},
	note = {},
	url = {https://www.dgpf.de/src/tagung/jt2016/proceedings/papers/20_DLT2016_Agoub_et_al.pdf},
	language = {english},
	keywords = {graph databases, article}
}

@book{
	AldousWilson2000,
	author = {Aldous, Joan M. and Wilson J., Robin},
	title = {Graph and Applications},
	year = {2004},
	publisher = {Springer-Verlag},
	institution = {Faculty of Mathematics and Computing, The Open University},
	address = {Walton Hall, Milton Keynes MK7 6AA, UK},
	pagetotal = {458},
	isbn = {1-85233-259-X},
	url = {https://www.springer.com/gp/book/9781852332594},
	note = {},
	language = {english},
	keywords = {graph theory and algorithms, book}
}

@online{
	Amazon2021,
	author = {{Amazon}},
	title = {What Is a Graph Database?},
	year = {2021},
	month = {08},
	url = {https://aws.amazon.com/nosql/graph/},
	note = {Online.},
	language = {english},
	keywords = {graph databases, online}
}

@article{
	AmelioPizzuti2014,
	author = {Amelio, Alessia and Pizzuti, Clara},
	title = {Overlapping Community Discovery Methods: {A} Survey},
	year = {2014},
	pagetotal = {20},
	journal = {CoRR},
	volume = {abs/1411.3935},
	url = {http://arxiv.org/abs/1411.3935},
	eprint = {1411.3935},
	doi = {10.1007/978-3-7091-1797-2},
	language = {english},
	keywords = {community detection, article}
}

@article{
	AnglesGutierrez2018,
	author = {Angles, Renzo and Gutierrez, Claudio},
	title = {An Introduction to Graph Data Management},
	journal = {Graph Data Management},
	publisher = {Springer International Publishing},
	year = {2018},
	pages = {1-32},
	pagetotal = {43},
	isbn = {9783319961934},
	issn = {2197-974X},
	url = {https://arxiv.org/abs/1801.00036},
	doi = {10.1007/978-3-319-96193-4_1},
	note = {},
	language = {english},
	keywords = {graph databases, article}
}

@online{
	ApacheSparkGraphX2021,
	author = {{Apache Spark}},
	title = {Spark - GraphX Programming Guide, Pregel API},
	year = {2021},
	month = {08},
	url = {https://spark.apache.org/docs/latest/graphx-programming-guide.html#pregel-api},
	note = {Online. Documentation.},
	language = {english},
	keywords = {documentation, other docs}
}

@online{
	ApacheTinkerPopDocs2021,
	author = {{Apache TinkerPop}},
	title = {Apache TinkerPop Documentation},
	year = {2021},
	month = {08},
	url = {https://tinkerpop.apache.org/docs/current/reference/},
	note = {Online. Documentation.},
	language = {english},
	keywords = {documentation, other docs}
}

@online{
	ApacheTinkerPopGremlin2021,
	author = {{Apache TinkerPop}},
	title = {Apache TinkerPop - The Gremlin Graph Traversal Machine and Language},
	year = {2021},
	month = {08},
	url = {https://tinkerpop.apache.org/gremlin.html},
	note = {Online. Documentation.},
	language = {english},
	keywords = {documentation, other docs}
}

@online{
	ApacheTinkerPopNeo4jGremlin2021,
	author = {{Apache TinkerPop}},
	title = {Apache TinkerPop Documentation - Neo4j Gremlin},
	year = {2021},
	month = {08},
	url = {https://tinkerpop.apache.org/docs/current/reference/#neo4j-gremlin},
	note = {Online. Documentation.},
	language = {english},
	keywords = {documentation, other docs}
}

@online{
	ApacheTinkerPopRecipes2021,
	author = {{Apache TinkerPop}},
	title = {Apache TinkerPop Documentation - Recipes},
	year = {2021},
	month = {08},
	url = {https://tinkerpop.apache.org/gremlin.html},
	note = {Online. Documentation.},
	language = {english},
	keywords = {documentation, other docs}
}

@online{
	ApacheTinkerPopWebsite2021,
	author = {{Apache TinkerPop}},
	title = {Apache TinkerPop Website},
	year = {2021},
	month = {08},
	url = {https://tinkerpop.apache.org/},
	note = {Online.},
	language = {english},
	keywords = {other refs, online}
}

@online{
	ArangoDBAQL2021,
	author = {{ArangoDB}},
	title = {ArangoDB Query Language (AQL) Documentation},
	year = {2021},
	month = {08},
	url = {https://www.arangodb.com/docs/stable/aql/},
	note = {Online. Documentation.},
	language = {english},
	keywords = {documentation, arangodb}
}

@online{
	ArangoDBAQLcache2021,
	author = {{ArangoDB}},
	title = {ArangoDB - The AQL query results cache Documentation},
	year = {2021},
	month = {08},
	url = {https://www.arangodb.com/docs/stable/aql/execution-and-performance-query-cache.html},
	note = {Online. Documentation.},
	language = {english},
	keywords = {documentation, arangodb}
}

@online{
	ArangoDBarangoimport2021,
	author = {{ArangoDB}},
	title = {ArangoDB - arangoimport Documentation},
	year = {2021},
	month = {08},
	url = {https://www.arangodb.com/docs/stable/programs-arangoimport-details.html},
	note = {Online. Documentation.},
	language = {english},
	keywords = {documentation, arangodb}
}

@online{
	ArangoDBArchitecture2021,
	author = {{ArangoDB}},
	title = {ArangoDB - Architecture Documentation},
	year = {2021},
	month = {08},
	url = {https://www.arangodb.com/docs/stable/architecture.html},
	note = {Online. Documentation.},
	language = {english},
	keywords = {documentation, arangodb}
}

@online{
	ArangoDBCommunityDetectionPregel2021,
	author = {{ArangoDB}},
	title = {ArangoDB - Distributed Iterative Graph Processing (Pregel), Community Detection},
	year = {2021},
	month = {08},
	day = {24},
	url = {https://www.arangodb.com/docs/devel/graphs-pregel.html#community-detection},
	note = {Online. Documentation},
	language = {english},
	keywords = {documentation, arangodb}
}

@book{
	ArangoDBCookbook2017,
	author = {{ArangoDB}},
	title = {ArangoDB Cookbook},
	year = {2017},
	month = {12},
	pagetotal = {147},
	url = {https://download.arangodb.com/arangodb33/doc/ArangoDB_Cookbook_3.3.0.pdf},
	note = {Recipes for ArangoDB.},
	language = {english},
	keywords = {documentation, arangodb}
}

@misc{
	ArangoDBCustomPregel2020,
	author = {{ArangoDB} and Schad, Jörg and Kernbach, Heiko},
	title = {Custom Pregel Algorithms in ArangoDB},
	year = {2020},
	month = {11},
	day = {12},
	url = {https://www.slideshare.net/arangodb/custom-pregel-algorithms-in-arangodb},
	note = {Online. Slides. Docs: \url{https://www.arangodb.com/docs/stable/graphs-pregel.html}},
	language = {english},
	keywords = {other refs, slides presentation}
}

@online{
	ArangoDBDataModel2021,
	author = {{ArangoDB}},
	title = {ArangoDB - Data Modeling and Operational Factors Documentation},
	year = {2021},
	month = {08},
	url = {https://www.arangodb.com/docs/stable/data-modeling-operational-factors.html},
	note = {Online. Documentation.},
	language = {english},
	keywords = {documentation, arangodb}
}

@online{
	ArangoDBGettingStarted2021,
	author = {{ArangoDB}},
	title = {ArangoDB - Getting Started Documentation},
	year = {2021},
	month = {08},
	url = {https://www.arangodb.com/docs/stable/getting-started.html},
	note = {Online. Documentation.},
	language = {english},
	keywords = {documentation, arangodb}
}

@online{
	ArangoDBGoogleGroups2014,
	author = {{ArangoDB Google Groups}},
	title = {Discussion on ArangoDB and index-free adjacency},
	year = {2014},
	month = {03},
	url = {https://groups.google.com/forum/#!topic/arangodb/xO0qIcZ6h60},
	note = {Online.},
	language = {english},
	keywords = {other refs, online}
}

@online{
	ArangoDBGraphFunctions2021,
	author = {{ArangoDB}},
	title = {ArangoDB - Graph Functions Documentation},
	year = {2021},
	month = {08},
	url = {https://www.arangodb.com/docs/stable/graphs-general-graphs-functions.html},
	note = {Online. Documentation.},
	language = {english},
	keywords = {documentation, arangodb}
}

@online{
	ArangoDBGraphs2021,
	author = {{ArangoDB}},
	title = {ArangoDB - Graphs Documentation},
	year = {2021},
	month = {08},
	url = {https://www.arangodb.com/docs/stable/graphs.html},
	note = {Online. Documentation.},
	language = {english},
	keywords = {documentation, arangodb}
}

@online{
	ArangoDBGremlinREST2013,
	author = {{ArangoDB}},
	title = {ArangoDB - Gremlin graph queries for REST},
	year = {2013},
	month = {02},
	url = {https://github.com/arangodb/arangodb/issues/392},
	note = {Online. GitHub Repository Issue \#392},
	language = {english},
	keywords = {other refs, online}
}

@online{
	ArangoDBGremlinBrandt2020,
	author = {{ArangoDB} and Brandt, Achim and Hoyos, Horacio and McCoy, Nathan},
	title = {Using ArangoDB with Gremlin},
	year = {2020},
	month = {05},
	url = {https://github.com/ArangoDB-Community/arangodb-tinkerpop-provider},
	note = {Online. GitHub Repository. \url{https://github.com/ArangoDB-Community/arangodb-tinkerpop-provider/wiki/Server}.},
	language = {english},
	keywords = {documentation, arangodb}
}

@online{
	ArangoDBIndexing2021,
	author = {{ArangoDB}},
	title = {ArangoDB - Indexing Documentation - Vertex Centric Indexes},
	year = {2021},
	month = {08},
	url = {https://www.arangodb.com/docs/stable/indexing-vertex-centric.html},
	note = {Online. Documentation.},
	language = {english},
	keywords = {documentation, arangodb}
}

@online{
	ArangoDBJoins2021,
	author = {{ArangoDB}},
	title = {ArangoDB - Joins Documentation},
	year = {2021},
	month = {08},
	url = {https://www.arangodb.com/docs/stable/aql/examples-join.html},
	note = {Online. Documentation.},
	language = {english},
	keywords = {documentation, arangodb}
}

@online{
	ArangoDBNamingConventions2021,
	author = {{ArangoDB}},
	title = {ArangoDB - Naming Conventions Documentation},
	year = {2021},
	month = {08},
	url = {https://www.arangodb.com/docs/stable/data-modeling-naming-conventions.html},
	note = {Online. Documentation.},
	language = {english},
	keywords = {documentation, arangodb}
}

@online{
	ArangoDBRelease2021,
	author = {{ArangoDB}},
	title = {ArangoDB Release Notes Documentation - What’s New, Changelogs},
	year = {2021},
	month = {08},
	url = {https://www.arangodb.com/docs/stable/release-notes.html},
	note = {Online.},
	language = {english},
	keywords = {documentation, arangodb}
}

@online{
	ArangoDBSubscriptions2021,
	author = {{ArangoDB}},
	title = {ArangoDB Commercial Subscriptions},
	year = {2021},
	month = {08},
	url = {https://www.arangodb.com/subscriptions/},
	note = {Online.},
	language = {english},
	keywords = {other refs, online}
}

@online{
	ArangoDBTinkerpop2021,
	author = {{ArangoDB}},
	title = {ArangoDB - TinkerPop Provider for ArangoDB, GitHub Repository},
	year = {2021},
	month = {08},
	url = {https://github.com/ArangoDB-Community/arangodb-tinkerpop-provider},
	note = {Online. An implementation of the Apache TinkerPop OLTP Provider API for ArangoDB.},
	language = {english},
	keywords = {documentation, arangodb}
}

@online{
	ArangoDBTransactions2021,
	author = {{ArangoDB}},
	title = {ArangoDB - Transactions Documentation},
	year = {2021},
	month = {08},
	url = {https://www.arangodb.com/docs/stable/transactions.html},
	note = {Online. Documentation.},
	language = {english},
	keywords = {documentation, arangodb}
}

@online{
	ArangoDBTraversals2021,
	author = {{ArangoDB}},
	title = {ArangoDB - Traversals Documentation},
	year = {2021},
	month = {08},
	url = {https://www.arangodb.com/docs/stable/graphs-traversals.html},
	note = {Online. Documentation.},
	language = {english},
	keywords = {documentation, arangodb}
}

@online{
	ArangoDBVelocityPack2021,
	author = {{ArangoDB}},
	title = {ArangoDB - Velocity Pack (VPack) GitHub Repository},
	year = {2021},
	month = {08},
	url = {https://github.com/arangodb/velocypack},
	note = {Online.},
	language = {english},
	keywords = {documentation, arangodb}
}

@online{
	ArangoDBVelocyPackmd2021,
	author = {{ArangoDB}},
	title = {ArangoDB Velocity Pack (VPack) GitHub Repository VelocyPack.md},
	year = {2021},
	month = {08},
	url = {https://github.com/arangodb/velocypack/blob/main/VelocyPack.md},
	note = {Online.},
	language = {english},
	keywords = {documentation, arangodb}
}

@online{
	ArangoDBWeinbergerBenchmark2015,
	author = {{ArangoDB} and Weinberger, Claudius},
	title = {Benchmark: PostgreSQL, MongoDB, Neo4j, OrientDB and ArangoDB},
	year = {2015},
	month = {10},
	day = {13},
	url = {https://www.arangodb.com/2015/06/performance-comparison-between-arangodb-mongodb-neo4j-and-orientdb/},
	note = {Online. Blog post.},
	language = {english},
	keywords = {other refs, online}
}

@online{
	ArangoDBWeinbergerIndexFree2016,
	author = {{ArangoDB} and Weinberger, Claudius},
	title = {Index Free Adjacency or Hybrid Indexes for Graph Databases},
	year = {2016},
	month = {04},
	day = {18},
	url = {https://www.arangodb.com/2016/04/index-free-adjacency-hybrid-indexes-graph-databases/},
	note = {Online. Blog post.},
	language = {english},
	keywords = {other refs, online}
}

@online{
	ArangoDBWeinbergerMultiModel2015,
	author = {{ArangoDB} and Weinberger, Claudius},
	title = {Native multi-model can compete with pure document and graph databases},
	year = {2015},
	month = {06},
	day = {04},
	url = {https://www.arangodb.com/2015/06/multi-model-benchmark/},
	note = {Online. Blog post.},
	language = {english},
	keywords = {documentation, arangodb}
}

@online{
	ArangoDBWeinbergerPerformance2015,
	author = {{ArangoDB} and Weinberger, Claudius},
	title = {Performance comparison between ArangoDB, MongoDB, Neo4j and OrientDB},
	year = {2015},
	month = {06},
	day = {11},
	url = {https://www.arangodb.com/2015/06/performance-comparison-between-arangodb-mongodb-neo4j-and-orientdb/},
	note = {Online. Blog post. Discussion: \url{https://news.ycombinator.com/item?id=9699102}},
	language = {english},
	keywords = {other refs, online}
}

@online{
	ArangoDBWhyArangoDB2021,
	author = {{ArangoDB}},
	title = {ArangoDB - Why use ArangoDB, Advantages of Native Multi-Model},
	year = {2021},
	month = {08},
	url = {https://www.arangodb.com/community-server/native-multi-model-database-advantages/},
	note = {Online.},
	language = {english},
	keywords = {documentation, arangodb}
}

@article{
	BallKarrerNewman2011,
	author = {Ball, Brian and Karrer, Brian and Newman, M. E. J.},
	title = {Efficient and principled method for detecting communities in networks},
	year = {2011},
	month = {09},
	pagetotal = {14},
	journal = {Physical Review E},
	publisher = {American Physical Society (APS)},
	volume = {84},
	number = {3},
	issn = {1550-2376},
	url = {https://arxiv.org/abs/1104.3590},
	doi = {10.1103/physreve.84.036103},
	language = {english},
	keywords = {community detection, article}
}

@book{
	BechbergerPerryman2020,
	author = {Bechberger, Dave and Perryman, Josh},
	title = {Graph Databases in Action},
	isbn = {9781617296376},
	series = {In Action},
	url = {https://books.google.it/books?id=kWIFEAAAQBAJ},
	year = {2020},
	pagetotal = {338},
	publisher = {Manning Publications},
	language = {english},
	keywords = {graph databases, book}
}

@online{
	BelaidPostgreSQL2015,
	author = {Belaid, Rachid},
	title = {Introduction to PostgreSQL physical storage},
	year = {2015},
	month = {11},
	day = {09},
	url = {http://rachbelaid.com/introduction-to-postgres-physical-storage/},
	note = {Online. Blog post.},
	language = {english},
	keywords = {documentation, other docs}
}

@online{
	BeckettSPARQL2011,
	author = {Beckett, Dave},
	title = {What does SPARQL stand for?},
	year = {2011},
	month = {10},
	day = {06},
	url = {https://lists.w3.org/Archives/Public/semantic-web/2011Oct/0041.html},
	note = {Online. Semantic web mailing list.},
	language = {english},
	keywords = {graph databases, online}
}

@inproceedings{
	BeisPapadopoulosKompatsiaris2015,
	author = {Beis, Sotirios and Papadopoulos, Symeon and Kompatsiaris, Yiannis},
	title = {Benchmarking Graph Databases on the Problem of Community Detection},
	booktitle = {New Trends in Database and Information Systems II},
	editor = {Bassiliades, Nick and Ivanovic, Mirjana and Kon-Popovska, Margita and Manolopoulos, Yannis and Palpanas, Themis and Trajcevski, Goce and Vakali, Athena},
	publisher = {Springer International Publishing},
	pages = {3-14},
	isbn = {978-3-319-10518-5},
	doi = {10.1007/978-3-319-10518-5_1},
	year = {2015},
	pagetotal = {12},
	note = {\url{https://github.com/socialsensor/graphdb-benchmarks}},
	url = {https://link.springer.com/chapter/10.1007/978-3-319-10518-5_1},
	language = {english},
	keywords = {graph databases, article}
}

@article{
	BernersLeeHendlerLassila2001,
	author = {Berners-Lee, Tim and Hendler, James and Lassila, Ora},
	title = {The Semantic Web},
	year = {2001},
	month = {05},
	day = {17},
	publisher = {Scientific American, a division of Nature America, Inc.},
	journal = {Scientific American},
	volume = {284},
	number = {5},
	pages = {34-43},
	pagetotal = {10},
	note = {\url{https://www.w3.org/2001/sw/}},
	url = {https://www.jstor.org/stable/26059207},
	language = {english},
	keywords = {other refs, article}
}

@article{
	BestaPeterGerstenbergerFischerPodstawskiBarthelsAlonsoHoefler2019,
	author = {Besta, Maciej and Peter, Emanuel and Gerstenberger, Robert and Fischer, Marc and Podstawski, Michał and Barthels, Claude and Alonso, Gustavo and Hoefler, Torsten},
	title = {Demystifying Graph Databases: Analysis and Taxonomy of Data Organization, System Designs, and Graph Queries - Towards Understanding Modern Graph Processing, Storage, and Analytics},
	year = {2019},
	month = {10},
	pagetotal = {37},
	url = {https://arxiv.org/abs/1910.09017},
	note = {},
	language = {english},
	keywords = {graph databases, article}
}

@online{
	Bloor2015,
	author = {Bloor, Robin},
	title = {The Graph Database and the RDF Database},
	year = {2015},
	month = {01},
	day = {07},
	url = {https://web.archive.org/web/20150206002908/http://insideanalysis.com/2015/01/the-graph-database-and-the-rdf-database/},
	note = {Online.},
	language = {english},
	keywords = {graph databases, online}
}

@book{
	Bollobas1998,
	author = {Bollobás, Béla},
	title = {Modern Graph Theory},
	edition = {1},
	publisher = {Springer-Verlag New York},
	isbn = {978-0-387-98488-9},
	series = {Graduate Texts in Mathematics 184},
	year = {1998},
	url = {https://www.springer.com/gp/book/9780387984889},
	language = {english},
	keywords = {graph theory and algorithms, book}
}

@inproceedings{
	BrandesGaertlerWagner2003,
	author = {Brandes, Ulrik and Gaertler, Marco and Wagner, Dorothea},
	title = {Experiments on Graph Clustering Algorithms},
	journal = {LNCS},
	year = {2003},
	month = {11},
	pagetotal = {12},
	volume = {2832},
	isbn = {978-3-540-20064-2},
	doi = {10.1007/978-3-540-39658-1_52},
	url = {https://www.researchgate.net/publication/2939172},
	language = {english},
	keywords = {community detection, article}
}

@misc{
	BroderKumarMaghoulRaghavanRajagopalanStataTomkinsWiener2000,
	author = {Broder, Andrei and Kumar, Ravi and Maghoul, Farzin and Raghavan, Prabhakar and Rajagopalan, Sridhar and Stata, Raymie and Tomkins, Andrew and Wiener, Janet},
	title = {Graph structure in the Web},
	year = {2000},
	pagetotal = {15},
	language = {english},
	url = {http://citeseerx.ist.psu.edu/viewdoc/summary?doi=10.1.1.517.3557},
	note = {\url{https://www.cis.upenn.edu/~mkearns/teaching/NetworkedLife/broder.pdf}},
	keywords = {community detection, article}
}

@article{
	CapocciServedioCaldarelliColaiori2005,
	author = {Capocci, A. and Servedio, V.D.P. and Caldarelli, G. and Colaiori, F.},
	title = {Detecting communities in large networks},
	year = {2005},
	month = {07},
	pages = {669-676},
	pagetotal = {4},
	journal = {Physica A: Statistical Mechanics and its Applications},
	publisher = {Elsevier BV},
	volume = {352},
	number = {2-4},
	issn = {0378-4371},
	url = {https://arxiv.org/abs/cond-mat/0402499},
	doi = {10.1016/j.physa.2004.12.050},
	language = {english},
	keywords = {community detection, article}
}


@online{
	ChanNeubauer2013,
	author = {Chan, Harold and Neubauer, Peter},
	title = {Should I learn Cypher or Gremlin for operating a Neo4j database?},
	year = {2013},
	month = {05},
	day = {29},
	url = {https://www.quora.com/Should-I-learn-Cypher-or-Gremlin-for-operating-a-Neo4j-database},
	note = {Online.},
	language = {english},
	keywords = {graph databases, online}
}

@article{
	ChenRedner2010,
	author = {Chen, P. and Redner, S.},
	title = {Community structure of the physical review citation network},
	year = {2010},
	month = {07},
	journal = {Journal of Informetrics},
	publisher = {Elsevier BV},
	volume = {4},
	number = {3},
	doi = {10.1016/j.joi.2010.01.001},
	url = {https://arxiv.org/abs/0911.0694},
	pages = {278-290},
	pagetotal = {14},
	issn = {1751-1577},
	language = {english},
	keywords = {community detection, article}
}

@misc{
	Cherifi2018,
	author = {Cherifi, Hocine},
	title = {Non-overlapping community detection},
	year = {2018},
	eprint = {1805.11584},
	pagetotal = {31},
	url = {https://arxiv.org/abs/1805.11584},
	language = {english},
	keywords = {community detection, article}
}

@inproceedings{
	CiglanAverbuchHluchy2012,
	author = {Ciglan, Marek and Averbuch, Alex and Hluchy, Ladialav},
	title = {Benchmarking Traversal Operations over Graph Databases},
	booktitle = {2012 IEEE 28th International Conference on Data Engineering Workshops},
	year = {2012},
	pages = {186-189},
	pagetotal = {4},
	doi = {10.1109/ICDEW.2012.47},
	url = {https://ieeexplore.ieee.org/document/6313678},
	note = {\url{http://ups.savba.sk/~marek/papers/gdm12-ciglan.pdf}},
	language = {english},
	keywords = {graph databases, article}
}

@article{
	ClausetNewmanMoore2004,
	author = {Clauset, Aaron and Newman, M. E. J. and Moore, Cristopher},
	title = {Finding community structure in very large networks},
	year = {2004},
	month = {12},
	journal = {Phys. Rev. E},
	publisher = {American Physical Society},
	volume = {70},
	issue = {6},
	pagetotal = {6},
	issn = {1550-2376},
	doi = {10.1103/PhysRevE.70.066111},
	url = {https://arxiv.org/abs/cond-mat/0408187},
	language = {english},
	keywords = {community detection, article}
}

@online{
	Clode2018,
	author = {Clode, David},
	title = {A couple of interesting frayed ropes, subtly lit in the shadow between two fishing boats at the Cairns prawn trawler base},
	year = {2018},
	month = {01},
	day = {03},
	location = {Trawler Base Road, Portsmith, Australia},
	url = {https://unsplash.com/photos/hpQAUR9jkaM},
	note = {Online. Photographer's profile: \url{https://unsplash.com/@davidclode}},
	language = {english},
	keywords = {other refs, online}
}

@inproceedings{
	CobdenBlackGibbinsCarrShadbolt2011,
	author = {Cobden, Marcus and Black, Jennifer and Gibbins, Nicholas and Carr, Les and Shadbolt, Nigel},
	title = {A Research Agenda for Linked Closed Data},
	booktitle = {Second International Workshop on Consuming Linked Data},
	location = {Germany},
	year = {2011},
	month = {09},
	day = {27},
	pagetotal = {6},
	url = {https://eprints.soton.ac.uk/272711/},
	note = {},
	language = {english},
	keywords = {other refs, article}
}

@mastersthesis{
	Contisciani2019,
	author = {Contisciani, Martina},
	title = {A new approach for community detection in multilayer networks},
	year = {2019},
	month = {09},
	day = {19},
	institution = {University of Padua},
	school = {Department of Mathematics},
	pagetotal = {61},
	url = {http://tesi.cab.unipd.it/63015/},
	language = {english},
	keywords = {community detection, thesis}
}

@inproceedings{
	CoppensDeVenterMitroviDeWeerdt2019,
	author = {Coppens, Lauranne and De Venter, Jonathan and Mitrovi, Sandra and De Weerdt, Jochen},
	title = {A comparative study of community detection techniques for large evolving graphs},
	booktitle = {LEG@ ECML: The third International Workshop on Advances in Managing and Mining Large Evolving Graphs collocated with ECML-PKDD},
	year = {2019},
	organization = {Springer},
	pages = {1157-1165},
	pagetotal = {9},
	doi = {10.1016/j.procs.2020.04.124},
	language = {english},
	keywords = {community detection, article}
}

@book{
	CormenLeisersonRivestStein2009,
	author = {Cormen, Thomas H. and Leiserson, Charles E. and Rivest, Ronald L. and Stein, Clifford},
	title = {Introduction to Algorithms},
	publisher = {MIT Press},
	year = {2009},
	pagetotal = {1313},
	url = {http://mitpress.mit.edu/books/introduction-algorithms},
	isbn = {978-0-262-03384-8},
	note = {3rd Edition},
	language = {english},
	keywords = {graph theory and algorithms, book}
}

@misc{
	CrampesPlantie2014,
	title = {A Unified Community Detection, Visualization and Analysis method}, 
	author = {Crampes, Michel and Plantié, Michel},
	year = {2014},
	month = {02},
	day = {26},
	pagetotal = {24},
	eprint = {1301.7006},
	url = {https://arxiv.org/abs/1301.7006},
	language = {english},
	keywords = {community detection, article}
}

@misc{
	CraneDempsey2015,
	title = {Community detection for interaction networks}, 
	author = {Crane, Harry and Dempsey, Walter},
	year = {2015},
	eprint = {1509.09254},
	pagetotal = {29},
	url = {https://arxiv.org/abs/1509.09254},
	language = {english},
	keywords = {community detection, article}
}

@online{
	CreateReactApp2021,
	author = {{Facebook Inc.}},
	title = {Create a New React App \texttt{create-react-app}},
	year = {2021},
	month = {08},
	day = {20},
	url = {https://reactjs.org/docs/create-a-new-react-app.html},
	note = {Online. Documentation.},
	language = {english},
	keywords = {documentation, webdev}
}

@online{
	CreateReactAppTypeScript2021,
	author = {{Facebook Inc.}},
	title = {Create a New React App \texttt{create-react-app} - Adding TypeScript},
	year = {2021},
	month = {08},
	day = {20},
	url = {https://create-react-app.dev/docs/adding-typescript/},
	note = {Online. Documentation.},
	language = {english},
	keywords = {documentation, webdev}
}

@online{
	CytoscapeJS2021,
	author = {{Donnelly Centre - University of Toronto}},
	title = {Cytoscape \texttt{cytoscape}},
	year = {2021},
	month = {08},
	day = {21},
	url = {https://js.cytoscape.org/},
	note = {Online. Documentation.},
	language = {english},
	keywords = {documentation, webdev}
}

@article{
	daFonsecaVieiraXavierEvsukoff2020,
	author = {da Fonseca Vieira, Vinícius and Xavier, Carolina Ribeiro and Evsukoff, Alexandre Gonçalves},
	title = {A comparative study of overlapping community detection methods from the perspective of the structural properties},
	journal = {Applied Network Science},
	volume = {5},
	number = {1},
	pages = {1-42},
	year = {2020},
	publisher = {SpringerOpen},
	doi = {10.1007/s41109-020-00289-9;},
	url = {https://appliednetsci.springeropen.com/articles/10.1007/s41109-020-00289-9},
	note = {},
	language = {english},
	keywords = {community detection, article}
}

@online{
	Dagstuhl2021,
	author = {{Schloss Dagstuhl - Leibniz Center for Informatics}},
	title = {The dblp computer science bibliography},
	year = {2021},
	month = {07},
	day = {01},
	url = {http://dblp.uni-trier.de/xml/},
	note = {Online. \url{dblp.org}},
	language = {english},
	keywords = {other refs, online}
}

@article{
	DaoBothorelLenca2020,
	author = {Dao, Vinh Loc and Bothorel, Cécile and Lenca, Philippe},
	title = {Community structure: A comparative evaluation of community detection methods},
	year = {2020},
	month = {01},
	journal = {Network Science},
	publisher = {Cambridge University Press (CUP)},
	volume = {8},
	number = {1},
	issn = {2050-1250},
	doi = {10.1017/nws.2019.59},
	pages = {1-41},
	pagetotal = {48},
	url = {https://arxiv.org/abs/1812.06598},
	language = {english},
	keywords = {community detection, article}
}

@online{
	DataStax2015,
	author = {{DataStax}},
	title = {DataStax Acquires Aurelius, The Experts Behind TitanDB},
	year = {2015},
	month = {02},
	day = {03},
	url = {https://web.archive.org/web/20150207074233/http://www.datastax.com/2015/02/datastax-acquires-aurelius-the-experts-behind-titandb},
	note = {Online.},
	language = {english},
	keywords = {graph databases, online}
}

@inproceedings{
	DayarathnaSuzumura2012,
	author = {Dayarathna, Miyuru and Suzumura, Toyotaro},
	title = {XGDBench: A benchmarking platform for graph stores in exascale clouds}, 
	booktitle = {4th IEEE International Conference on Cloud Computing Technology and Science Proceedings},
	location = {Taipei, Taiwan},
	year = {2012},
	month = {12},
	volume = {},
	number = {},
	pages = {363-370},
	pagetotal = {8},
	doi = {10.1109/CloudCom.2012.6427516},
	note = {},
	language = {english},
	keywords = {graph databases, article}
}

@article{
	DeanGhemawat2008,
	author = {Dean, Jeffrey and Ghemawat, Sanjay},
	title = {MapReduce: Simplified Data Processing on Large Clusters},
	year = {2008},
	month = {01},
	day = {01},
	publisher = {Association for Computing Machinery},
	address = {New York, NY, USA},
	volume = {51},
	number = {1},
	pages = {107-113},
	pagetotal = {7},
	issn = {0001-0782},
	url = {https://static.googleusercontent.com/media/research.google.com/en//archive/mapreduce-osdi04.pdf},
	journal = {Commun. ACM},
	doi = {10.1145/1327452.1327492},
	note = {\url{https://research.google.com/archive/mapreduce-osdi04.pdf}},
	language = {english},
	keywords = {graph databases, article}
}

@techreport{
	DellingGaertlerGorkeNikoloskiWagner2007,
	author = {Delling, Daniel and Gaertler, Marco and Görke, Robert and Nikoloski, Zoran and Wagner, Dorothea},
	title = {How to Evaluate Clustering Techniques},
	year = {2007},
	institution = {{Universität Karlsruhe (TH)}},
	issn = {1432-7864},
	series = {Interner Bericht. Fakultät für Informatik, Universität Karlsruhe},
	volume = {2006},
	number = {24},
	pagetotal = {12},
	doi = {10.5445/IR/1000007104},
	url = {https://publikationen.bibliothek.kit.edu/1000007104},
	language = {english},
	keywords = {community detection, article}
}

@misc{
	DelPiaKhajaviradKunisky2020,
	author = {Del Pia, Alberto and Khajavirad, Aida and Kunisky, Dmitriy},
	title = {Linear Programming and Community Detection},
	year = {2020},
	eprint = {2006.03213},
	url = {https://arxiv.org/abs/2006.03213},
	pagetotal = {35},
	language = {english},
	keywords = {community detection, article}
}

@article{
	DeMeoFerraraFiumaraProvetti2011,
	author = {De Meo, Pasquale and Ferrara, Emilio and Fiumara, Giacomo and Provetti, Alessandro},
	title = {Generalized Louvain method for community detection in large networks},
	year = {2011},
	month = {11},
	journal = {2011 11th International Conference on Intelligent Systems Design and Applications},
	publisher = {IEEE},
	doi = {10.1109/isda.2011.6121636},
	isbn = {9781457716751},
	pagetotal = {6},
	url = {https://arxiv.org/abs/1108.1502},
	language = {english},
	keywords = {community detection, article}
}

@book{
	Diestel2000,
	author = {Diestel, Reinhard},
	title = {Graph Theory},
	year = {2000},
	publisher = {Springer-Verlag},
	series = {Graduate Texts in Mathematics},
	volume = {173},
	location = {Heidelberg, Germany},
	pagetotal = {447},
	isbn = {0-387-98976-5},
	url = {https://diestel-graph-theory.com/index.html},
	note = {},
	language = {english},
	keywords = {graph theory and algorithms, book}
}

@misc{
	DuWuWangWang2008,
	author = {Du, Nan and Wu, Bin and Wang, Bai and Wang, Yi},
	title = {Overlapping Community Detection in Bipartite Networks},
	year = {2008},
	eprint = {0804.3636},
	pagetotal = {16},
	url = {https://arxiv.org/abs/0804.3636?context=physics.soc-ph},
	language = {english},
	keywords = {community detection, article}
}

@online{
	EverettMalyshev2015,
	author = {Everett, Nik and Malyshev, Stas},
	title = {Investigate ArangoDB for Wikidata Query},
	year = {2015},
	month = {02},
	day = {04},
	url = {https://phabricator.wikimedia.org/T88549},
	note = {Online.},
	language = {english},
	keywords = {other refs, online}
}

@misc{
	FangWangLiuWuTangZheng2020,
	author = {Fang, Wenyi and Wang, Xin and Liu, Longzhao and Wu, Zhaole and Tang, Shaoting and Zheng, Zhiming},
	title = {Community Detection through Vector-label Propagation Algorithms},
	year = {2020},
	eprint = {2011.08342},
	url = {https://arxiv.org/abs/2011.08342},
	pagetotal = {18},
	language = {english},
	keywords = {community detection, article}
}

@article{
	FayeCureBlin2012,
	author = {Faye, David C. and Curé, Olivier and Blin, Guillaume},
	title = {A survey of RDF storage approaches},
	year = {2012},
	journal = {Revue Africaine de la Recherche en Informatique et Mathématiques Appliquées},
	publisher = {INRIA},
	volume = {15},
	pages = {11-35},
	pagetotal = {26},
	url = {https://hal.inria.fr/hal-01299496},
	note = {Pdf: \url{https://hal.inria.fr/hal-01299496/file/Vol.15.pp.11-35.pdf}},
	language = {english},
	keywords = {graph databases, article}
}

@techreport{
	ForresterYuhannaEvelsonHopkinsJedinak2014,
	author = {Yuhanna, Noel and Evelson, Boris and Hopkins, Brian and Jedinak, Emily},
	title = {IT Market Clock for Database Management Systems, 2014},
	publisher = {Forrester Research, Inc.},
	year = {2014},
	month = {02},
	day = {13},
	url = {https://www.forrester.com/report/TechRadar+Enterprise+DBMS+Q1+2014/RES106801},
	note = {In-Memory, NoSQL, And DBaaS Forge Ahead; Relational And Data Warehouses Focus On Innovation; And Market Starts Consolidating},
	language = {english},
	keywords = {graph databases, article}
}

@misc{
	FortunatoCastellano2007,
	title = {Community Structure in Graphs},
	author = {Fortunato, Santo and Castellano, Claudio},
	year = {2007},
	eprint = {0712.2716},
	url = {https://arxiv.org/abs/0712.2716},
	language = {english},
	pagetotal = {42},
	keywords = {community detection, article}
}

@article{
	Fortunato2010,
	author = {Fortunato, Santo},
	title = {Community detection in graphs},
	publisher = {Elsevier BV},
	journal = {Physics Reports},
	volume = {486},
	number = {3-5},
	year = {2010},
	month = {02},
	pages = {75-174},
	pagetotal = {103},
	doi = {10.1016/j.physrep.2009.11.002},
	issn = {0370-1573},
	url = {https://arxiv.org/abs/0906.0612},
	note = {},
	language = {english},
	keywords = {community detection, article}
}

@article{
	FortunatoHric2016,
	author = {Fortunato, Santo and Hric, Darko},
	title = {Community detection in networks: A user guide},
	year = {2016},
	month = {11},
	journal = {Physics Reports},
	publisher = {Elsevier BV},
	volume = {659},
	pages = {1-44},
	pagetotal = {43},
	issn = {0370-1573},
	doi = {10.1016/j.physrep.2016.09.002},
	url = {https://arxiv.org/abs/1608.00163},
	language = {english},
	keywords = {community detection, article}
}

@misc{
	GartnerHeudeckerBeyer2015,
	author = {Heudecker, Nick and Beyer, Mark},
	title = {Making Big Data Normal With Graph Analysis for the Masses},
	publisher = {Gartner, Inc.},
	year = {2015},
	month = {07},
	day = {27},
	url = {https://www.gartner.com/en/documents/3100219/making-big-data-normal-with-graph-analysis-for-the-masse},
	note = {ID: G00278415},
	language = {english},
	keywords = {graph databases, article}
}

@misc{
	GartnerHeudeckerFeinberg2014,
	author = {Heudecker, Nick and Feinberg, Donald},
	title = {IT Market Clock for Database Management Systems, 2014},
	publisher = {Gartner, Inc.},
	year = {2014},
	month = {09},
	day = {22},
	url = {https://www.gartner.com/en/documents/2852717/it-market-clock-for-database-management-systems-2014},
	note = {ID: G00261661},
	language = {english},
	keywords = {graph databases, article}
}

@article{
	GirvanNewman2002,
	author = {Girvan, M. and Newman, M. E. J.},
	title = {Community structure in social and biological networks},
	year = {2002},
	month = {06},
	journal = {Proceedings of the National Academy of Sciences},
	publisher = {Proceedings of the National Academy of Sciences},
	volume = {99},
	number = {12},
	issn = {1091-6490},
	url = {http://dx.doi.org/10.1073/pnas.122653799},
	doi = {10.1073/pnas.122653799},
	pages = {7821-7826},
	pagetotal = {8},
	url = {https://www.pnas.org/content/99/12/7821},
	note = {\url{https://arxiv.org/abs/cond-mat/0112110}},
	language = {english},
	keywords = {community detection, article}
}



@online{
	GrowingwiththeWebImms2021,
	author = {{Growing with the Web} and Imms, Daniel},
	title = {growingwiththeweb.com website},
	year = {2021},
	month = {09},
	day = {05},
	location = {Australia},
	url = {https://www.growingwiththeweb.com/},
	note = {Online.},
	language = {english},
	keywords = {other refs, online}
}

@misc{
	GonzalesSlides2018,
	author = {Aguilar Gonzales, Ezequiel},
	title = {Pregel: A System for Large-Scale Graph Processing Presentation},
	year = {2018},
	pagetotal = {44},
	url = {https://ranger.uta.edu/~sjiang/CSE6350-spring-18/12-pregel-slides.pdf},
	note = {Online. Slides},
	language = {english},
	keywords = {other refs, slides presentation}
}

@article{
	Gregory2010,
	author = {Gregory, Steve},
	title = {Finding overlapping communities in networks by label propagation},
	publisher = {IOP Publishing},
	journal = {New Journal of Physics},
	volume = {12},
	number = {10},
	year = {2010},
	month = {02},
	issn = {1367-2630},
	pagetotal = {21},
	doi = {10.1088/1367-2630/12/10/103018},
	url = {https://arxiv.org/abs/0910.5516},
	note = {},
	language = {english},
	keywords = {community detection, article}
}

@book{
	GrossYellenZhang2014,
	author = {},
	title = {Handbook of Graph Theory},
	editor = {Gross, Jonathan L. and Yellen, Jay and Zhang, Ping},
	year = {2014},
	publisher = {CRC Press},
	series = {Discrete Mathematics and it's Applications},
	address = {6000 Broken Sound Parkway NW, Suite 300},
	pagetotal = {1633},
	isbn = {9781439880180},
	url = {https://www.taylorfrancis.com/books/mono/10.1201/b16132/handbook-graph-theory-jonathan-gross-jay-yellen-ping-zhang},
	doi = {https://doi.org/10.1201/b16132},
	note = {},
	language = {english},
	keywords = {graph theory and algorithms, book}
}

@misc{
	GulbahceLehmann2008,
	author = {Gulbahce, Natali and Lehmann, Sune},
	title = {The art of community detection},
	year = {2008},
	eprint = {0807.1833},
	url = {https://arxiv.org/abs/0807.1833},
	pagetotal = {10},
	language = {english},
	keywords = {community detection, article}
}

@book{
	HeathBizer2011,
	author = {Heath, Tom and Bizer, Christian},
	title = {Linked Data: Evolving the Web into a Global Data Space},
	year = {2011},
	month = {02},
	publisher = {Morgan \& Claypool Publishers},
	pagetotal = {136},
	isbn = {978-1608454303},
	url = {https://www.morganclaypool.com/doi/abs/10.2200/S00334ED1V01Y201102WBE001},
	doi = {https://doi.org/10.2200/S00334ED1V01Y201102WBE001},
	note = {Synthesis Lectures on the Semantic Web: Theory and Technology.},
	language = {english},
	keywords = {other refs, book}
}

@article{
	HertelBroekstraStuckenschmidt2009,
	author = {Hertel, Alice and Broekstra, Jeen and Stuckenschmidt, Heiner},
	title = {RDF Storage and Retrieval Systems},
	year = {2009},
	booktitle = {Handbook on Ontologies},
	pages = {489-508},
	pagetotal = {21},
	doi = {http://dx.doi.org/10.1007/978-3-540-92673-3_22},
	note = {\url{https://www.researchgate.net/publication/227215511_RDF_Storage_and_Retrieval_Systems}},
	url = {http://publications.wim.uni-mannheim.de/informatik/lski/Hertel08RDFStorage.pdf},
	language = {english},
	keywords = {graph databases, article}
}

@misc{
	HollocouBonaldLelarge2016,
	author = {Hollocou, Alexandre and Bonald, Thomas and Lelarge, Marc},
	title = {Improving PageRank for Local Community Detection},
	year = {2016},
	eprint = {1610.08722},
	url = {https://arxiv.org/abs/1610.08722},
	pagetotal = {9},
	language = {english},
	keywords = {community detection, article}
}

@online{
	IBMSystemG2018,
	author = {{IBM System G}},
	title = {Introduction of Graph Database},
	year = {2018},
	month = {05},
	note = {Online.},
	url = {https://web.archive.org/web/20180521155557/http://systemg.research.ibm.com/database.html},
	language = {english},
	keywords = {graph databases, online}
}

@mastersthesis{
	adomainthatrocks2021,
	author = {\myauthorsurname, \myauthorname},
	title = {\mydocumentfulltitle},
	year = {2021},
	month = {09},
	institution = {\myinstitution},
	school = {\myinstitutiondepartment},
	pagetotal = {\ref*{TotPages}},
	location = {\myinstitutionaddressinline},
	url = {http://adomainthat.rocks/},
	note = {\mycourse. GitHub repo: \url{https://github.com/A-Domain-that-Rocks/}},
	language = {english},
	keywords = {community detection, thesis}
}

@misc{
	ItalianStatisticalSociety2021,
	author = {{Italian Statistical Society}},
	editor = {Rampichini, Carla and Farcomeni, Alessio and Campostrini, Stefano},
	title = {Statistical Methods \& Applications},
	year = {2021},
	month = {08},
	day = {27},
	url = {https://www.springer.com/journal/10260},
	note = {Journal of the Italian Statistical Society. Officially cited as: Stat. Methods Appl.},
	language = {english},
	keywords = {other refs, online}
}

@online{
	GraphQLPlayground2021,
	author = {Suchanek, Tim and Huvar, Lukáš and Schickling, Johannes and Schulte, Rikki},
	title = {GraphQL Playground IDE},
	year = {2021},
	month = {8},
	day = {20},
	url = {https://github.com/graphql/graphql-playground},
	note = {},
	language = {english},
	keywords = {documentation, webdev}
}

@techreport{
	HeZhaDingSimon2001,
	author = {He, Xiaofeng and Zha, Hongyuan and Ding, Chris H. Q. and Simon, Horst D.},
	title = {Web document clustering using hyperlink structures},
	year = {2001},
	pagetotal = {22},
	address = {USA},
	url = {https://www.osti.gov/biblio/815474},
	doi = {10.2172/815474},
	note = {\url{https://citeseerx.ist.psu.edu/viewdoc/download?doi=10.1.1.331.3652&rep=rep1&type=pdf}, \url{https://citeseerx.ist.psu.edu/viewdoc/download?doi=10.1.1.331.3652&rep=rep1&type=pdf}},
	language = {english},
	keywords = {community detection, article}
}

@inproceedings{
	JouiliVansteenberghe2013,
	author = {Jouili, Salim and Vansteenberghe, Valentin},
	booktitle = {2013 International Conference on Social Computing}, 
	title = {An Empirical Comparison of Graph Databases}, 
	year = {2013},
	month = {09},
	pages = {708-715},
	doi = {10.1109/SocialCom.2013.106},
	url = {https://ieeexplore.ieee.org/document/6693403},
	note = {},
	language = {english},
	keywords = {graph databases, article}
}

@online{
	KobrixHypergraphDB2010,
	author = {{Kobrix Software}},
	title = {HypergraphDB},
	year = {2010},
	note = {Online.},
	url = {http://www.hypergraphdb.org/},
	language = {english},
	keywords = {graph databases, online}
}

@article{
	Labatut2015,
	author = {Labatut, Vincent},
	title = {Generalised measures for the evaluation of community detection methods},
	year = {2015},
	journal = {International Journal of Social Network Mining},
	publisher = {Inderscience Publishers},
	volume = {2},
	number = {1},
	issn = {1757-8493},
	doi = {10.1504/ijsnm.2015.069776},
	pagetotal = {22},
	url = {https://arxiv.org/abs/1303.5441},
	language = {english},
	keywords = {community detection, article}
}

@misc{
	LaiMckenzie2018,
	author = {Lai, Ming-Jun and Mckenzie, Daniel},
	title = {A Compressive Sensing Approach to Community Detection with Applications},
	year = {2018},
	eprint = {1708.09477},
	url = {https://arxiv.org/abs/1708.09477},
	pagetotal = {39},
	language = {english},
	keywords = {community detection, article}
}

@article{
	LancichinettiFortunato2009,
	author = {Lancichinetti, Andrea and Fortunato, Santo},
	title = {Community detection algorithms: A comparative analysis},
	year = {2009},
	month = {11},
	journal = {Physical Review E},
	publisher = {American Physical Society (APS)},
	volume = {80},
	number = {5},
	pagetotal = {12},
	issn = {1550-2376},
	url = {https://arxiv.org/abs/0908.1062},
	doi = {10.1103/physreve.80.056117},
	language = {english},
	keywords = {community detection, article}
}

@article{
	LancichinettiFortunato2009Benchmarks,
	author = {Lancichinetti, Andrea and Fortunato, Santo},
	title = {Benchmarks for testing community detection algorithms on directed and weighted graphs with overlapping communities},
	year = {2009},
	month = {07},
	journal = {Physical Review E},
	publisher = {American Physical Society (APS)},
	volume = {80},
	number = {1},
	issn = {1550-2376},
	url = {https://arxiv.org/abs/0904.3940},
	doi = {10.1103/physreve.80.016118},
	language = {english},
	keywords = {community detection, article}
}

@article{
	LancichinettiFortunatoKertesz2009,
	author = {Lancichinetti, Andrea and Fortunato, Santo and Kertész, János},
	title = {Detecting the overlapping and hierarchical community structure in complex networks},
	year = {2009},
	month = {03},
	pagetotal = {20},
	journal = {New Journal of Physics},
	publisher = {IOP Publishing},
	volume = {11},
	number = {3},
	issn = {1367-2630},
	url = {https://arxiv.org/abs/0802.1218},
	doi = {10.1088/1367-2630/11/3/033015},
	language = {english},
	keywords = {community detection, article}
}


@article{
	LancichinettiFortunatoRadicchi2008,
	author = {Lancichinetti, Andrea and Fortunato, Santo and Radicchi, Filippo},
	title = {Benchmark graphs for testing community detection algorithms},
	year = {2008},
	month = {10},
	journal = {Physical Review E},
	publisher = {American Physical Society (APS)},
	volume = {78},
	number = {4},
	pagetotal = {6},
	issn = {1550-2376},
	url = {https://arxiv.org/abs/0805.4770},
	doi = {10.1103/physreve.78.046110},
	language = {english},
	keywords = {community detection, article}
}

@article{
	LeaoBrandaoVazdeMeloLaender2018,
	author = {Leão, Jeancarlo C. and Brandão, Michele A. and Vaz de Melo, Pedro O. S. and Laender, Alberto H. F.},
	title = {Who is really in my social circle? Mining social relationships to improve detection of real communities},
	journal = {Journal of Internet Services and Applications},
	year = {2018},
	month = {10},
	day = {03},
	volume = {9},
	number = {1},
	pagetotal = {20},
	issn = {1869-0238},
	doi = {10.1186/s13174-018-0091-6},
	url = {https://www.researchgate.net/publication/327824385},
	language = {english},
	keywords = {community detection, article}
}

@misc{
	LeskovecLangMahoney2010,
	author = {Leskovec, Jure and Lang, Kevin J. and Mahoney, Michael W.},
	title = {Empirical Comparison of Algorithms for Network Community Detection},
	year = {2010},
	eprint = {1004.3539},
	url = {https://arxiv.org/abs/1004.3539},
	pagetotal = {11},
	language = {english},
	keywords = {community detection, article}
}

@misc{
	LiChienMilenkovic2019,
	author = {Li, Pan and Chien, Eli and Milenkovic, Olgica},
	title = {Optimizing Generalized PageRank Methods for Seed-Expansion Community Detection},
	year = {2019},
	eprint = {1905.10881},
	url = {https://arxiv.org/abs/1905.10881},
	pagetotal = {19},
	language = {english},
	keywords = {community detection, article}
}

@misc{
	LiHeBindelHopcroft2015,
	author = {Li, Yixuan and He, Kun and Bindel, David and Hopcroft, John},
	title = {Overlapping Community Detection via Local Spectral Clustering},
	year = {2015},
	eprint = {1509.07996},
	url = {https://arxiv.org/abs/1509.07996},
	pagetotal = {34},
	language = {english},
	keywords = {community detection, article}
}

@online{
	LinkedData2019,
	author = {Heath, Tom},
	title = {Linked Data - Connect Distributed Data across the Web},
	year = {2019},
	month = {08},
	day = {02},
	url = {https://web.archive.org/web/20190802052922/http://linkeddata.org/},
	note = {Online.},
	language = {english},
	keywords = {other refs, online}
}

@misc{
	LiuChengZhang2019,
	author = {Liu, Xin and Cheng, Hui-Min and Zhang, Zhong-Yuan},
	title = {Evaluation of Community Detection Methods},
	year = {2019},
	eprint = {1807.01130},
	url = {https://arxiv.org/abs/1807.01130},
	pagetotal = {14},
	language = {english},
	keywords = {community detection, article}
}

@online{
	LogoUnibg2021,
	author = {{Università degli Studi di Bergamo}},
	title = {Logo UniBG},
	year = {2021},
	month = {07},
	note = {Online.},
	url = {https://unibg.it/},
	keywords = {other refs, online}
}

@misc{
	Lovinger2009,
	author = {Lovinger, Rachel},
	title = {RDF and OWL - A simple overview of the building blocks of the Semantic Web},
	year = {2009},
	url = {https://www.slideshare.net/rlovinger/rdf-and-owl},
	note = {Slides. Presented at the Semantic Web Affinity Group at Razorfish},
	language = {english},
	keywords = {other refs, slides presentation}
}

@online{
	Madusudanan2016,
	author = {Madusudanan, B. N.},
	title = {Understanding caching in Postgres - An in-depth guide},
	year = {2016},
	month = {05},
	day = {16},
	url = {https://madusudanan.com/blog/understanding-postgres-caching-in-depth/},
	note = {Online. Blog post.},
	language = {english},
	keywords = {other refs, online}
}

@inproceedings{
	MalewiczAusternBikDehnertHornLeiserCzajkowski2009,
	author = {Malewicz, Grzegorz and Austern, Matthew H. and Bik, Aart J. C. and Dehnert, James C. and Horn, Ilan and Leiser, Naty and Czajkowski, Grzegorz},
	title = {Pregel: A System for Large-Scale Graph Processing},
	booktitle = {SPAA 2009: Proceedings of the 21st Annual ACM Symposium on Parallelism in Algorithms and Architectures, Calgary, Alberta, Canada, August 11-13, 2009},
	year = {2009},
	month = {01},
	pages = {135-145},
	pagetotal = {11},
	url = {https://www.researchgate.net/publication/221257383_Pregel_A_system_for_large-scale_graph_processing},
	doi = {10.1145/1582716.1582723},
	note = {},
	language = {english},
	keywords = {other refs, article}
}

@article{
	MalliarosVazirgiannis2013,
	author = {Malliaros, Fragkiskos D. and Vazirgiannis, Michalis},
	title = {Clustering and community detection in directed networks: A survey},
	year = {2013},
	month = {12},
	journal = {Physics Reports},
	publisher = {Elsevier BV},
	volume = {533},
	number = {4},
	issn = {0370-1573},
	url = {http://dx.doi.org/10.1016/j.physrep.2013.08.002},
	doi = {10.1016/j.physrep.2013.08.002},
	pages = {95-142},
	url = {https://arxiv.org/abs/1308.0971},
	pagetotal = {86},
	language = {english},
	keywords = {community detection, article}
}

@misc{
	MaNandy2021,
	author = {Ma, Zongming and Nandy, Sagnik},
	title = {Community Detection with Contextual Multilayer Networks},
	year = {2021},
	eprint = {2104.02960},
	url = {https://arxiv.org/abs/2104.02960},
	pagetotal = {76},
	language = {english},
	keywords = {community detection, article}
}

@article{
	Marx2013,
	title = {The big challenges of big data},
	author = {Marx, Vivien},
	journal = {Nature},
	issue = {7453},
	volume = {498},
	year = {2013},
	month = {06},
	day = {01},
	pages = {255-260},
	pagetotal = {5},
	location = {New York, NY, USA},
	doi = {10.1038/498255a},
	url = {https://www.nature.com/articles/498255a},
	note = {},
	language = {english},
	keywords = {other refs, online}
}

@book{
	Momjian2001,
	author = {Momjian, Bruce},
	title = {PostgreSQL - Introduction and Concepts},
	year = {2001},
	publisher = {Addison-Wesley},
	pagetotal = {490},
	isbn = {0-201-70331-9},
	url = {https://lab.demog.berkeley.edu/Docs/Refs/aw_pgsql_book.pdf},
	note = {},
	language = {english},
	keywords = {graph databases, book}
}

@misc{
	Moore2017,
	title = {The Computer Science and Physics of Community Detection: Landscapes, Phase Transitions, and Hardness}, 
	author = {Moore, Cristopher},
	year = {2017},
	eprint = {1702.00467},
	url = {https://arxiv.org/abs/1702.00467},
	pagetotal = {39},
	language = {english},
	keywords = {community detection, article}
}

@online{
	Mullane2002,
	author = {Mullane, Greg Sabino},
	title = {PostgreSQL - Database Caching},
	year = {2002},
	month = {02},
	day = {28},
	url = {https://www.postgresql.org/message-id/E16gYpD-0007KY-00@mclean.mail.mindspring.net},
	note = {Online. PostgreSQL mailing list (pgsql-hackers).},
	language = {english},
	keywords = {graph databases, online}
}

@book{
	NeedhamHodler2021,
	author = {Needham, Mark and Hodler, Amy E.},
	title = {Graph Algorithms - Practical Examples in Apache Spark \& Neo4j},
	year = {2021},
	publisher = {O'Reilly},
	address = {1005 Gravenstein Highway North, Sebastopol, CA 95472, USA},
	pagetotal = {300},
	isbn = {978-1-492-05781-9},
	url = {https://neo4j.com/graph-algorithms-book/},
	note = {},
	language = {english},
	keywords = {graph databases, book}
}

@online{
	Neo4jAPOC2021,
	author = {{Neo4j, Inc.}},
	title = {Neo4j APOC User Guide 4.1 (Awesome Procedures On Cypher)},
	year = {2021},
	month = {08},
	url = {https://neo4j.com/labs/apoc/4.1/},
	note = {Online. Documentation.},
	language = {english},
	keywords = {documentation, other gdbmss, neo4j}
}

@online{
	Neo4jClustering2021,
	author = {{Neo4j, Inc.}},
	title = {Neo4j Documentation - Clustering},
	year = {2021},
	month = {08},
	url = {https://neo4j.com/docs/operations-manual/current/clustering/},
	note = {Online. Documentation.},
	language = {english},
	keywords = {documentation, other gdbmss, neo4j}
}

@online{
	Neo4jCypher2021,
	author = {{Neo4j, Inc.}},
	title = {Neo4j Documentation - Cypher Query Language Manual},
	year = {2021},
	month = {08},
	url = {https://neo4j.com/docs/cypher-manual/current/},
	note = {Online. Documentation.},
	language = {english},
	keywords = {documentation, other gdbmss, neo4j}
}

@online{
	Neo4jDownload2021,
	author = {{Neo4j, Inc.}},
	title = {Neo4j download page},
	year = {2021},
	month = {08},
	url = {https://neo4j.com/download/},
	note = {Online.},
	language = {english},
	keywords = {other refs, online}
}

@online{
	Neo4jHTTPAPI2021,
	author = {{Neo4j, Inc.}},
	title = {Neo4j Transactional HTTP API Endpoint},
	year = {2021},
	month = {08},
	url = {https://neo4j.com/docs/http-api/current/introduction/#http-api-transactional},
	note = {Online. Documentation.},
	language = {english},
	keywords = {documentation, other gdbmss, neo4j}
}

@online{
	Neo4jIndexes2021,
	author = {{Neo4j, Inc.}},
	title = {Neo4j Documentation - Cypher Administration, Indexes, Security},
	year = {2021},
	month = {08},
	url = {https://neo4j.com/docs/cypher-manual/current/},
	note = {Online. Documentation.},
	language = {english},
	keywords = {documentation, other gdbmss, neo4j}
}

@online{
	Neo4jJavaAPI2021,
	author = {{Neo4j, Inc.}},
	title = {Neo4j Java API documentation - \texttt{org.neo4j.graphdb.index}},
	year = {2021},
	month = {08},
	url = {https://neo4j.com/docs/java-reference/current/javadocs/org/neo4j/graphdb/package-summary.html},
	note = {Online. Documentation.},
	language = {english},
	keywords = {documentation, other gdbmss, neo4j}
}

@online{
	Neo4jJavaAPIRelationship2021,
	author = {{Neo4j, Inc.}},
	title = {Neo4j Java API documentation - Relationship},
	year = {2021},
	month = {08},
	url = {https://neo4j.com/docs/java-reference/current/javadocs/org/neo4j/graphdb/Relationship.html},
	note = {Online. Documentation.},
	language = {english},
	keywords = {documentation, other gdbmss, neo4j}
}

@online{
	Neo4jJavaAPITransaction2021,
	author = {{Neo4j, Inc.}},
	title = {Neo4j Java API documentation - Transaction},
	year = {2021},
	month = {08},
	url = {https://neo4j.com/docs/java-reference/current/javadocs/org/neo4j/graphdb/Transaction.html},
	note = {Online. Documentation.},
	language = {english},
	keywords = {documentation, other gdbmss, neo4j}
}

@online{
	Neo4jLicensing2021,
	author = {{Neo4j, Inc.}},
	title = {Neo4j Licensing},
	year = {2021},
	month = {08},
	url = {https://neo4j.com/licensing/},
	note = {Online.},
	language = {english},
	keywords = {documentation, other gdbmss, neo4j}
}

@online{
	Neo4jGordonWarmthecache2021,
	author = {{Neo4j, Inc.} and Gordon, Dave},
	title = {Warm the cache to improve performance from cold start},
	year = {2021},
	month = {08},
	url = {https://neo4j.com/developer/kb/warm-the-cache-to-improve-performance-from-cold-start/},
	note = {Online.},
	language = {english},
	keywords = {documentation, other gdbmss, neo4j}
}

@online{
	Neo4jGuideDataModeling2021,
	author = {{Neo4j, Inc.}},
	title = {Neo4j Documentation},
	year = {2021},
	month = {08},
	url = {https://neo4j.com/},
	note = {Online. Documentation.},
	language = {english},
	keywords = {documentation, other gdbmss, neo4j}
}

@online{
	Neo4jPerformance2021,
	author = {{Neo4j, Inc.}},
	title = {Neo4j Documentation - Operational Performance},
	year = {2021},
	month = {08},
	url = {https://neo4j.com/docs/operations-manual/current/performance/},
	note = {Online. Documentation.},
	language = {english},
	keywords = {documentation, other gdbmss, neo4j}
}

@online{
	Neo4jPricing2021,
	author = {{Neo4j, Inc.}},
	title = {Neo4j Pricing, Compare editions},
	year = {2021},
	month = {08},
	url = {https://neo4j.com/pricing/},
	note = {Online.},
	language = {english},
	keywords = {other refs, online}
}

@online{
	Neo4jQueryTuning2021,
	author = {{Neo4j, Inc.}},
	title = {Neo4j Documentation - Query Tuning},
	year = {2021},
	month = {08},
	url = {https://neo4j.com/docs/cypher-manual/current/query-tuning/},
	note = {Online. Documentation.},
	language = {english},
	keywords = {documentation, other gdbmss, neo4j}
}

@misc{
	Neo4jRathleRanganathan,
	author = {{Neo4j, Inc.} and Rathle, Philip and Ranganathan, Keshav},
	title = {Large Scale Graph Processing with IBM Power Systems \& Neo4j},
	year = {2016},
	month = {10},
	day = {27},
	url = {https://www.slideshare.net/neo4j/webinar-large-scale-graph-processing-with-ibm-power-systems-neo4j},
	note = {Online. Webinar.},
	language = {english},
	keywords = {graph databases, slides presentation}
}

@online{
	Neo4jTransactions2021,
	author = {{Neo4j, Inc.}},
	title = {Neo4j Documentation - Transactionsg},
	year = {2021},
	month = {08},
	url = {https://neo4j.com/docs/cypher-manual/current/introduction/transactions/},
	note = {Online. Documentation.},
	language = {english},
	keywords = {documentation, other gdbmss, neo4j}
}

@article{
	Newman2001structure,
	author = {Newman, M. E. J.},
	title = {The structure of scientific collaboration networks},
	year = {2001},
	month = {01},
	journal = {Proceedings of the National Academy of Sciences},
	publisher = {Proceedings of the National Academy of Sciences},
	volume = {98},
	number = {2},
	pages = {404-409},
	pagetotal = {6},
	issn = {1091-6490},
	url = {https://www.pnas.org/content/98/2/404},
	doi = {10.1073/pnas.98.2.404},
	note = {\url{https://arxiv.org/abs/cond-mat/0007214}},
	language = {english},
	keywords = {community detection, article}
}

@article{
	Newman200108,
	author = {Newman, M. E. J.},
	title = {Scientific collaboration networks. I. Network construction and fundamental results},
	year = {2001},
	month = {08},
	pagetotal = {8},
	journal = {Physical review. E, Statistical, nonlinear, and soft matter physics},
	volume = {64},
	doi = {10.1103/PhysRevE.64.016131},
	language = {english},
	keywords = {community detection, article}
}

@article{
	Newman200106,
	author = {Newman, M. E. J.},
	title = {Scientific collaboration networks. II. Shortest paths, weighted networks, and centrality},
	year = {2001},
	month = {06},
	day = {28},
	journal = {Phys. Rev. E},
	publisher = {American Physical Society},
	volume = {64},
	issue = {1},
	pagetotal = {7},
	doi = {10.1103/PhysRevE.64.016132},
	url = {https://link.aps.org/doi/10.1103/PhysRevE.64.016132},
	language = {english},
	keywords = {community detection, article}
}

@article{
	Newman2004,
	author = {Newman, M. E. J.},
	title = {Detecting community structure in networks},
	journal = {The European Physical Journal B},
	year = {2004},
	month = {03},
	day = {01},
	volume = {38},
	number = {2},
	pages = {321-330},
	pagetotal = {11},
	issn = {1434-6036},
	doi = {10.1140/epjb/e2004-00124-y},
	url = {http://www-personal.umich.edu/~mejn/papers/epjb.pdf},
	language = {english},
	keywords = {community detection, article}
}

@article{
	Newman2013,
	author = {Newman, M. E. J.},
	title = {Community detection and graph partitioning},
	year = {2013},
	month = {07},
	journal = {EPL (Europhysics Letters)},
	publisher = {IOP Publishing},
	volume = {103},
	number = {2},
	issn = {1286-4854},
	doi = {10.1209/0295-5075/103/28003},
	url = {https://arxiv.org/abs/1305.4974},
	pagetotal = {5},
	language = {english},
	keywords = {community detection, article}
}

@article{
	NewmanGirvan2004,
	author = {Newman, M. E. J. and Girvan, M.},
	title = {Finding and evaluating community structure in networks},
	year = {2004},
	month = {02},
	publisher = {American Physical Society (APS)},
	journal = {Physical Review E},
	volume = {69},
	number = {2},
	pagetotal = {16},
	issn = {1550-2376},
	url = {https://arxiv.org/abs/cond-mat/0308217},
	doi = {10.1103/physreve.69.026113},
	language = {english},
	keywords = {community detection, article}
}


@online{
	OrientDBCaching2021,
	author = {{OrientDB Ltd.}},
	title = {OrientDB - Caching},
	year = {2021},
	month = {08},
	url = {https://orientdb.com/docs/last/internals/Caching.html},
	note = {Online. Documentation.},
	language = {english},
	keywords = {documentation, other gdbmss, neo4j}
}

@online{
	OrientDBClusters2020,
	author = {{OrientDB Ltd.}},
	title = {OrientDB - Clusters tutorial},
	year = {2020},
	month = {03},
	day = {01},
	url = {https://web.archive.org/web/20200301072455/http://orientdb.com/docs/last/Tutorial-Clusters.html},
	note = {Online. Documentation.},
	language = {english},
	keywords = {documentation, other gdbmss, orientdb}
}

@online{
	OrientDBCommandCache2021,
	author = {{OrientDB Ltd.}},
	title = {OrientDB - Command Cache},
	year = {2021},
	month = {08},
	url = {https://orientdb.com/docs/last/sql/Command-Cache.html},
	note = {Online. Documentation.},
	language = {english},
	keywords = {documentation, other gdbmss, orientdb}
}

@online{
	OrientDBDataModeling2021,
	author = {{OrientDB Ltd.}},
	title = {OrientDB - Data Modeling},
	year = {2021},
	month = {08},
	url = {http://orientdb.com/docs/last/datamodeling/Tutorial-Document-and-graph-model.html},
	note = {Online. Documentation.},
	language = {english},
	keywords = {documentation, other gdbmss, orientdb}
}

@online{
	OrientDBEnterprise2020,
	author = {{OrientDB Ltd.}},
	title = {OrientDB - Enterprise},
	year = {2020},
	month = {05},
	day = {29},
	url = {https://web.archive.org/web/20200529225838/http://orientdb.com/orientdb-enterprise/},
	note = {Online.},
	language = {english},
	keywords = {other refs, online}
}

@online{
	OrientDBGraphAPI2020,
	author = {{OrientDB Ltd.}},
	title = {OrientDB - Graph API},
	year = {2020},
	month = {06},
	day = {29},
	url = {https://web.archive.org/web/20200629171431/http://www.orientdb.com/docs/last/Graph-Database-Tinkerpop.html},
	note = {Online. Documentation.},
	language = {english},
	keywords = {documentation, other gdbmss, orientdb}
}

@online{
	OrientDBGraphAPIBatchInsert2020,
	author = {{OrientDB Ltd.}},
	title = {OrientDB - Graph API, Graph Batch Insert},
	year = {2020},
	month = {06},
	day = {29},
	url = {https://web.archive.org/web/20200629171416/http://www.orientdb.com/docs/last/Graph-Batch-Insert.html},
	note = {Online. Documentation.},
	language = {english},
	keywords = {documentation, other gdbmss, orientdb}
}

@online{
	OrientDBGremlinAPI2020,
	author = {{OrientDB Ltd.}},
	title = {OrientDB - Gremlin API},
	year = {2020},
	month = {06},
	day = {29},
	url = {https://web.archive.org/web/20200629171506/http://www.orientdb.com/docs/last/Gremlin.html},
	note = {Online. Documentation.},
	language = {english},
	keywords = {documentation, other gdbmss, orientdb}
}

@online{
	OrientDBPLocalStorage2021,
	author = {{OrientDB Ltd.}},
	title = {OrientDB - PLocal Storage},
	year = {2021},
	month = {08},
	url = {http://orientdb.com/docs/3.1.x/internals/Paginated-Local-Storage.html},
	note = {Online. Documentation.},
	language = {english},
	keywords = {documentation, other gdbmss, orientdb}
}

@online{
	OrientDBSupport2020,
	author = {{OrientDB Ltd.}},
	title = {OrientDB - Support and Subscriptions},
	year = {2020},
	month = {06},
	day = {29},
	url = {https://web.archive.org/web/20200629040612/http://orientdb.com/support/},
	note = {Online. Documentation.},
	language = {english},
	keywords = {documentation, other gdbmss, orientdb}
}

@online{
	OrientDBSQL2020,
	author = {{OrientDB Ltd.}},
	title = {OrientDB - SQL},
	year = {2020},
	month = {06},
	day = {29},
	url = {https://web.archive.org/web/20200629174343/http://orientdb.com/docs/last/SQL.html},
	note = {Online. Documentation.},
	language = {english},
	keywords = {documentation, other gdbmss, orientdb}
}

@online{
	OrientDBTransactions2020,
	author = {{OrientDB Ltd.}},
	title = {OrientDB - Transactions},
	year = {2020},
	month = {06},
	day = {29},
	url = {https://web.archive.org/web/20200629174742/http://www.orientdb.com/docs/last/Transactions.html},
	note = {Online. Documentation.},
	language = {english},
	keywords = {documentation, other gdbmss, orientdb}
}

@inproceedings{
	OrmanLabatut2009,
	author = {Orman, Günce and Labatut, Vincent},
	title = {A Comparison of Community Detection Algorithms on Artificial Networks},
	year = {2009},
	month = {11},
	journal = {Lecture Notes in Computer Science},
	pages = {242-256},
	pagetotal = {15},
	volume = {5808},
	doi = {10.1007/978-3-642-04747-3_20},
	url = {https://www.researchgate.net/publication/224921426},
	language = {english},
	keywords = {community detection, article}
}

@mastersthesis{
	Ozturk2014,
	author = {Öztürk, Koray},
	title = {Community detection in social networks},
	year = {2014},
	month = {12},
	institution = {Middle East Technical University},
	school = {Graduate School of Natural and Applied Sciences, Department of Computer Engineering},
	pagetotal = {105},
	url = {https://open.metu.edu.tr/bitstream/handle/11511/24245/index.pdf},
	language = {english},
	keywords = {community detection, thesis}
}

@article{
	PallaDerenyiFarkasVicsek2005,
	author = {Palla, Gergely and Derényi, Imre and Farkas, Illés
	and Vicsek, Tamás},
	title = {Uncovering the overlapping community structure of complex networks in nature and society},
	journal = {Nature},
	year = {2005},
	month = {06},
	day = {01},
	volume = {435},
	number = {7043},
	pages = {814-818},
	pagetotal = {5},
	issn = {1476-4687},
	doi = {10.1038/nature03607},
	url = {https://www.nature.com/articles/nature03607},
	language = {english},
	keywords = {community detection, article}
}

@inproceedings{
	PangShaoSunLi2009,
	author = {Pang, Chuanjun and Shao, Fengjing and Sun, Rencheng and Li, Shujing},
	title = {Detecting Community Structure in Networks by Propagating Labels of Nodes},
	booktitle = {Proceedings of the 6th International Symposium on Neural Networks: Advances in Neural Networks - Part III},
	year = {2009},
	isbn = {9783642015120},
	publisher = {Springer-Verlag},
	address = {Berlin, Heidelberg - Germany},
	url = {https://dl.acm.org/doi/10.1007/978-3-642-01513-7_91},
	doi = {10.1007/978-3-642-01513-7_91},
	pages = {839-846},
	pagetotal = {8},
	location = {Wuhan, China},
	series = {ISNN 2009},
	language = {english},
	keywords = {community detection, article}
}

@misc{
	ParthasarathyShahZaman2019,
	author = {Parthasarathy, Dhruv and Shah, Devavrat and Zaman, Tauhid},
	title = {Leaders, Followers, and Community Detection},
	year = {2019},
	eprint = {1011.0774},
	url = {https://arxiv.org/abs/1011.0774},
	pagetotal = {11},
	language = {english},
	keywords = {community detection, article}
}

@misc{
	Peel2010,
	title = {Estimating Network Parameters for Selecting Community Detection Algorithms},
	author = {Peel, Leto},
	year = {2010},
	eprint = {1010.5377},
	url = {https://arxiv.org/abs/1010.5377},
	pagetotal = {11},
	language = {english},
	keywords = {community detection, article}
}

@online{
	PlotlyReactCytoscapeJS2021,
	author = {{Plotly}},
	title = {React Cytoscape \texttt{react-cytoscapejs}},
	year = {2021},
	month = {08},
	day = {21},
	url = {https://github.com/plotly/react-cytoscapejs},
	note = {Online. Documentation.},
	language = {english},
	keywords = {documentation, webdev}
}

@article{
	Porter2009,
	author = {Porter, Mason A. and Onnela, Jukka-Pekka and Mucha, Peter J.},
	title = {Communities in Networks},
	journal = {Notices of the American Mathematical Society},
	volume = {56},
	number = {9},
	year = {2009},
	month = {02},
	pagetotal = {27},
	eprint = {0902.3788},
	url = {https://arxiv.org/abs/0902.3788},
	note = {},
	language = {english},
	keywords = {community detection, article}
}

@online{
	PostgreSQLConformance2021,
	author = {{The PostgreSQL Global Development Group}},
	title = {PostgreSQL - SQL Conformance},
	year = {2021},
	month = {08},
	url = {https://www.postgresql.org/docs/current/features.html},
	note = {Online. Documentation.},
	language = {english},
	keywords = {documentation, other non gdbmss, postgresql}
}

@online{
	PostgreSQLMonitoring2014,
	author = {{The PostgreSQL Global Development Group}},
	title = {PostgreSQL - Monitoring query plan cache},
	year = {2014},
	month = {12},
	day = {20},
	url = {https://www.postgresql.org/message-id/549564E4.4060800%40aule.net},
	note = {Online. PostgreSQL discussion thread.},
	language = {english},
	keywords = {documentation, other non gdbmss, postgresql}
}

@online{
	PostgreSQLPlanner2021,
	author = {{The PostgreSQL Global Development Group}},
	title = {Overview of PostgreSQL Internals, Planner/Optimizer},
	year = {2021},
	month = {08},
	url = {https://www.postgresql.org/docs/current/planner-optimizer.html},
	note = {Online. Documentation.},
	language = {english},
	keywords = {documentation, other non gdbmss, postgresql}
}

@online{
	PostgreSQLPLpgSQL2021,
	author = {{The PostgreSQL Global Development Group}},
	title = {PostgreSQL - PL/pgSQL Under the Hood},
	year = {2021},
	month = {08},
	url = {https://www.postgresql.org/docs/current/plpgsql-implementation.html},
	note = {Online. Documentation.},
	language = {english},
	keywords = {documentation, other non gdbmss, postgresql}
}

@online{
	PostgreSQLPREPARE2021,
	author = {{The PostgreSQL Global Development Group}},
	title = {PostgreSQL - PREPARE},
	year = {2021},
	month = {08},
	url = {https://www.postgresql.org/docs/current/sql-prepare.html},
	note = {Online. Documentation.},
	language = {english},
	keywords = {documentation, other non gdbmss, postgresql}
}

@online{
	PostgreSQLQueryCache2011,
	author = {{The PostgreSQL Global Development Group}},
	title = {PostgreSQL Query Cache released},
	year = {2011},
	month = {03},
	day = {01},
	url = {https://www.postgresql.org/about/news/postgresql-query-cache-released-1296/},
	note = {Online.},
	language = {english},
	keywords = {documentation, other non gdbmss, postgresql}
}

@online{
	PostgreSQLResource2021,
	author = {{The PostgreSQL Global Development Group}},
	title = {PostgreSQL - Resource Consumption},
	year = {2021},
	month = {08},
	url = {https://www.postgresql.org/docs/current/runtime-config-resource.html},
	note = {Online. Documentation.},
	language = {english},
	keywords = {documentation, other non gdbmss, postgresql}
}

@online{
	PostgreSQLTuning2021,
	author = {{The PostgreSQL Global Development Group}},
	title = {Tuning Your PostgreSQL Server},
	year = {2021},
	month = {03},
	day = {31},
	url = {https://wiki.postgresql.org/wiki/Tuning_Your_PostgreSQL_Server},
	note = {Online.},
	language = {english},
	keywords = {documentation, other non gdbmss, postgresql}
}

@online{
	PostgreSQLWhatis2021,
	author = {{The PostgreSQL Global Development Group}},
	title = {What is PostgreSQL?},
	year = {2021},
	month = {08},
	url = {https://www.postgresql.org/docs/current/intro-whatis.html},
	note = {Online. Documentation.},
	language = {english},
	keywords = {documentation, other non gdbmss, postgresql}
}

@online{
	PostgreSQLWITHQueries2021,
	author = {{The PostgreSQL Global Development Group}},
	title = {PostgreSQL - WITH Queries (Common Table Expressions)},
	year = {2021},
	month = {08},
	url = {https://www.postgresql.org/docs/current/queries-with.html},
	note = {Online. Documentation.},
	language = {english},
	keywords = {documentation, other non gdbmss, postgresql}
}

@online{
	Postman,
	author = {Suchanek, Tim and Huvar, Lukáš and Schickling, Johannes and Schulte, Rikki},
	title = {GraphQL Playground IDE},
	year = {2021},
	month = {8},
	day = {20},
	url = {https://www.postman.com/},
	note = {},
	language = {english},
	keywords = {documentation, webdev}
}

@techreport{
	Pothen1997,
	author = {Pothen, Alex},
	title = {Graph Partitioning Algorithms with Applications to Scientific Computing},
	year = {1997},
	pagetotal = {43},
	publisher = {Old Dominion University},
	address = {Norfolk, VA, USA},
	doi = {10.5555/890609},
	url = {https://citeseerx.ist.psu.eu/viewdoc/download?doi=10.1.1.34.3131&rep=rep1&type=pdf},
	language = {english},
	keywords = {community detection, article}
}

@article{
	Price1965,
	author = {Price, Derek J. de Solla},
	title = {Networks of scientific papers},
	journal = {Science (New York, N.Y.)},
	year = {1965},
	month = {07},
	day = {30},
	number = {3683},
	volume = {149},
	issn = {0036-8075},
	pages = {510-515},
	pagetotal = {6},
	doi = {10.1126/science.149.3683.510},
	url = {https://doi.org/10.1126/science.149.3683.510},
	language = {english},
	keywords = {other refs, article}
}

@article{
	Radicchi2014,
	author = {Radicchi, Filippo},
	title = {A paradox in community detection},
	year = {2014},
	month = {05},
	journal = {EPL (Europhysics Letters)},
	publisher = {IOP Publishing},
	volume = {106},
	number = {3},
	issn = {1286-4854},
	doi = {10.1209/0295-5075/106/38001},
	url = {https://arxiv.org/abs/1312.4224},
	pagetotal = {5},
	language = {english},
	keywords = {community detection, article}
}

@inbook{
	RadicchiFortunatoVespignani2012,
	author = {Radicchi, Filippo and Fortunato, Santo and Vespignani, Alessandro},
	title = {Citation Networks},
	booktitle = {Models of Science Dynamics: Encounters Between Complexity Theory and Information Sciences},
	editor = {Scharnhorst, Andrea and Börner, Katy and van den Besselaar, Peter},
	year = {2012},
	publisher = {Springer Berlin Heidelberg},
	address = {Berlin, Heidelberg - Germany},
	pages = {233-257},
	pagetotal = {25},
	isbn = {978-3-642-23068-4},
	doi = {10.1007/978-3-642-23068-4_7},
	url = {https://link.springer.com/chapter/10.1007/978-3-642-23068-4_7},
	language = {english},
	keywords = {community detection, article}
}

@article{
    RaghavanAlbertKumara2007,
    author = {Raghavan, Usha Nandini and Albert, Réka and Kumara,  Soundar},
    title = {Near linear time algorithm to detect community structures in large-scale networks},
    year = {2007},
    month = {09},
    journal = {Physical Review E},
    publisher = {American Physical Society (APS)},
    volume = {76},
    number = {3},
    pagetotal = {12},
    issn = {1550-2376},
    url = {https://arxiv.org/abs/0709.2938},
    doi = {10.1103/physreve.76.036106},
	language = {english},
	keywords = {community detection, article}
}

@online{
	Raghavendra2012,
	author = {Raghavendra, Rao},
	title = {Caching in PostgreSQL},
	year = {2012},
	month = {04},
	url = {https://raghavt.blogspot.com/2012/04/caching-in-postgresql.html},
	note = {Online. Blog post.},
	language = {english},
	keywords = {other refs, online}
}

@book{
	Ramamonjison2015,
	author = {Ramamonjison, Rindra},
	title = {Apache Spark Graph Processing},
	year = {2015},
	pagetotal = {148},
	isbn = {978-1-78439-180-5},
	publisher = {Packt Publishing},
	doi = {10.5555/2886274},
	language = {english},
	keywords = {graph databases, book}
}

@online{
	ReactBootstrap2021,
	author = {Dozois, Hugo and Shemetovskiy, Alexander and Jia, Jimmy and Smith, Matt},
	title = {React Bootstrap \texttt{react-bootstrap}},
	year = {2021},
	month = {08},
	day = {20},
	url = {https://react-bootstrap.github.io/},
	note = {Online. Documentation.},
	language = {english},
	keywords = {documentation, webdev}
}

@book{
	RobinsonWebberEifrem2015,
	author = {Robinson, Ian and Webber, Jim and Eifrem, Emil},
	title = {Graph Databases},
	year = {2015},
	month = {06},
	publisher = {O'Reilly Media, Inc.},
	pagetotal = {224},
	isbn = {9781491930892},
	url = {https://www.oreilly.com/library/view/graph-databases-2nd/9781491930885/},
	note = {2nd Edition},
	language = {english},
	keywords = {graph databases, book}
}

@misc{
	Rodriguez2010,
	author = {Rodriguez, Marko},
	title = {Graph Databases: Trends in the Web of Data},
	year = {2010},
	month = {09},
	day = {18},
	url = {https://www.slideshare.net/slidarko/graph-databases-trends-in-the-web-of-data/},
	note = {Online. Slides.},
	language = {english},
	keywords = {graph databases, slides presentation}
}

@article{
	RosvallDelvenneSchaubLambiotte2019,
	author = {Rosvall, Martin and Delvenne, Jean‐Charles and Schaub, Michael T. and Lambiotte, Renaud},
	title = {Different Approaches to Community Detection},
	year = {2019},
	month = {11},
	journal = {Advances in Network Clustering and Blockmodeling},
	publisher = {Wiley},
	isbn = {9781119483298},
	doi = {10.1002/9781119483298.ch4},
	pages = {105-119},
	url = {https://arxiv.org/abs/1712.06468},
	pagetotal = {14},
	language = {english},
	keywords = {community detection, article}
}

@online{
	Sakr2013,
	author = {Sakr, Sherif},
	title = {Processing large-scale graph data: A guide to current technology},
	year = {2013},
	month = {06},
	day = {10},
	url = {https://developer.ibm.com/articles/os-giraph/},
	note = {Online.},
	language = {english},
	keywords = {graph databases, online}
}

@online{
	SasakiNeo4j2018,
	author = {Sasaki, Bryce Merkl and {Neo4j, Inc.}},
	title = {Graph Databases for Beginners: Other Graph Technologies},
	year = {2018},
	month = {12},
	day = {11},
	url = {https://neo4j.com/blog/other-graph-database-technologies/},
	note = {Online. Blog post.},
	language = {english},
	keywords = {graph databases, online}
}

@techreport{
	SavageWloka1991,
	author = {Savage, John E. and Wloka, Markus G.},
	title = {Heuristics for Parallel Graph-Partitioning},
	year = {1991},
	month = {01},
	day = {27},
	publisher = {Brown University, Department of Computer Science},
	address = {Providence, Rhode Island 02912, USA},
	note = {Technical Report No. CS-89-41, Revised Version},
	language = {english},
	keywords = {community detection, article}
}

@article{
	Schaeffer2007,
	author = {Schaeffer, Satu Elisa},
	title = {Graph clustering},
	year = {2007},
	journal = {Computer Science Review},
	volume = {1},
	number = {1},
	pages = {27-64},
	pagetotal = {38},
	issn = {1574-0137},
	doi = {10.1016/j.cosrev.2007.05.001},
	url = {http://www.sciencedirect.com/science/article/pii/S1574013707000020},
	note = {},
	language = {english},
	keywords = {community detection, article}
}

@article{
	SchaubDelvenneRosvallLambiotte2017,
	author = {Schaub, Michael T. and Delvenne, Jean-Charles and Rosvall, Martin and Lambiotte, Renaud},
	title = {The many facets of community detection in complex networks},
	year = {2017},
	month = {02},
	journal = {Applied Network Science},
	publisher = {Springer Science and Business Media LLC},
	volume = {2},
	number = {1},
	issn = {2364-8228},
	doi = {10.1007/s41109-017-0023-6},
	url = {https://arxiv.org/abs/1611.07769},
	pagetotal = {8},
	language = {english},
	keywords = {community detection, article}
}

@online{
	SchmachtenbergBizerJentzschCyganiak2014,
	author = {Schmachtenberg, Max and Bizer, Christian and Jentzsch, Anja and Cyganiak, Richard},
	title = {Linking Open Data cloud diagram 2014},
	year = {2014},
	note = {Online.},
	url = {https://lod-cloud.net/},
	keywords = {other refs, online}
}

@book{
	Scifo2020,
	author = {Scifo, Estelle},
	title = {Hands-On Graph Analytics with Neo4j - Perform graph processing and visualization techniques using connected data across you entreprise},
	year = {2020},
	month = {08},
	publisher = {Packt},
	address = {Livery Place, 35 Livery Street, Birmingham, B3 2PB, UK},
	pagetotal = {510},
	isbn = {978-1-83921-261-1},
	url = {https://www.packtpub.com/product/hands-on-graph-analytics-with-neo4j/9781839212611},
	note = {},
	language = {english},
	keywords = {graph databases, book}
}

@misc{
	Seaborne2015,
	author = {Seaborne, Andy},
	title = {Two graph data models: RDF and Property Graphs},
	year = {2015},
	note = {Slides. Talk given at ApacheConEU Big Data 2015.},
	url = {https://www.slideshare.net/andyseaborne/two-graph-data-models-rdf-and-property-graphs},
	keywords = {other refs, slides presentation}
}

@phdthesis{
	Shahriari2018,
	author = {Shahriari, Mohsen},
	title = {Detection and Analysis of Overlapping Community Structures for Modelling and Prediction in Complex Networks},
	year = {2018},
	month = {07},
	day = {03},
	institution = {RWTH Aachen University},
	school = {Fakultät für Mathematik, Informatik und Naturwissenschaften},
	location = {Aachen, Germany},
	doi = {10.18154/RWTH-2018-226325},
	pagetotal = {229},
	url = {https://www.researchgate.net/publication/330601257_Detection_and_Analysis_of_Overlapping_Community_Structures_for_Modelling_and_Prediction_in_Complex_Networks},
	language = {english},
	keywords = {community detection, thesis}
}

@misc{
	ShaiStanleyGranellTaylorMucha2017,
	author = {Shai, Saray and Stanley, Natalie and Granell, Clara and Taylor, Dane and Mucha, Peter J.},
	title = {Case studies in network community detection},
	year = {2017},
	eprint = {1705.02305},
	url = {https://arxiv.org/abs/1705.02305},
	pagetotal = {21},
	language = {english},
	keywords = {community detection, article}
}

@article{
	ShenChengCaiHu2009,
	author = {Shen, Huawei and Cheng, Xueqi and Cai, Kai and Hu, Mao-Bin},
	title = {Detecting overlapping and hierarchical community structure in networks},
	year = {2009},
	month = {04},
	journal = {Physica A: Statistical Mechanics and its Applications},
	publisher = {Elsevier BV},
	volume = {388},
	number = {8},
	pages = {1706-1712},
	pagetotal = {7},
	issn = {0378-4371},
	url = {https://arxiv.org/abs/0810.3093},
	doi = {10.1016/j.physa.2008.12.021},
	language = {english},
	keywords = {community detection, thesis}
}

@article{
	ShiLiuZhang2018,
	author = {Shi, Cheng and Liu, Yanchen and Zhang, Pan},
	title = {Weighted community detection and data clustering using message passing},
	year = {2018},
	month = {03},
	journal = {Journal of Statistical Mechanics: Theory and Experiment},
	publisher = {IOP Publishing},
	volume = {2018},
	number = {3},
	issn = {1742-5468},
	doi = {10.1088/1742-5468/aaa8f5},
	url = {https://arxiv.org/abs/1801.09829},
	pagetotal = {21},
	language = {english},
	keywords = {community detection, article}
}

@mastersthesis{
	Sinico2017,
	author = {Sinico, Luca},
	title = {Graph databases and their application to the Italian Business Register for efficient search of relationships among companies},
	year = {2017},
	month = {04},
	day = {13},
	institution = {University of Padua},
	school = {Dipartimento di Ingegneria dell’Informazione, Ingegneria Informatica},
	pagetotal = {208},
	url = {http://tesi.cab.unipd.it/54610/},
	language = {english},
	keywords = {community detection, thesis}
}

@techreport{
	SmartM2METSI2020,
	author = {{SmartM2M Technical Committee} and Liquori, Luigi and Guillemin, Patrick},
	title = {SmartM2M (Smart Machine-to-Machine Communications) TR 103 715, Study for oneM2M, Discovery and Query solutions analysis \& selection},
	year = {2020},
	month = {11},
	institution = {ETSI},
	location = {France},
	pagetotal = {88},
	doi = {10.5445/IR/1000007104},
	url = {https://www.etsi.org/deliver/etsi_tr/103700_103799/103715/01.01.01_60/tr_103715v010101p.pdf},
	note = {V1.1.1},
	language = {english},
	keywords = {graph databases, article}
}

@misc{
	Smith2008,
	author = {Smith, Greg},
	title = {Inside the PostgreSQL Shared Buffer Cache},
	year = {2008},
	month = {07},
	day = {07},
	url = {https://www.2ndquadrant.com/wp-content/uploads/2019/05/Inside-the-PostgreSQL-Shared-Buffer-Cache.pdf},
	note = {Online. Slides.},
	language = {english},
	keywords = {other refs, slides presentation}
}

@online{
	solid2021,
	author = {{solid IT GmbH}},
	title = {db-engines.com website},
	year = {2021},
	month = {08},
	location = {Austria},
	url = {https://db-engines.com},
	note = {Online. Created and maintained by solid IT GmbH, an Austrian IT consulting company with a special focus on software development, consulting and training for database-centric applications.},
	language = {english},
	keywords = {graph databases, online}
}

@inbook{
	Steenstrup2001,
	author = {Steenstrup, Martha},
	title = {Cluster-Based Networks},
	booktitle = {Ad Hoc Networking},
	year = {2001},
	isbn = {0201309769},
	publisher = {Addison-Wesley Longman Publishing Co., Inc.},
	address = {USA},
	pages = {75-138},
	pagetotal = {64},
	doi = {10.5555/374547.374551},
	language = {english},
	keywords = {community detection, article}
}

@inproceedings{
	SteinhaeuserChawla2008,
	author = {Steinhaeuser, Karsten and Chawla, Nitesh V.},
	title = {Community Detection in a Large Real-World Social Network},
	editor = {Liu, Huan and Salerno, John J. and Young, Michael J.},
	booktitle = {Social Computing, Behavioral Modeling, and Prediction},
	year = {2008},
	month = {01},
	publisher = {Springer US},
	address = {Boston, MA},
	pages = {168-175},
	pagetotal = {8},
	isbn = {978-0-387-77672-9},
	doi = {10.1007/978-0-387-77672-9_19},
	note = {},
	language = {english},
	keywords = {community detection, article}
}

@article{
	SubeljBajec2011,
	author = {Šubelj, L. and Bajec, M.},
	title = {Robust network community detection using balanced propagation},
	year = {2011},
	month = {05},
	journal = {The European Physical Journal B},
	publisher = {Springer Science and Business Media LLC},
	volume = {81},
	number = {3},
	issn = {1434-6036},
	doi = {10.1140/epjb/e2011-10979-2},
	pages = {353-362},
	url = {https://arxiv.org/abs/1106.5524},
	pagetotal = {9},
	language = {english},
	keywords = {community detection, article}
}

@online{
	Suzuki2021,
	author = {Suzuki, Hironobu},
	title = {The Internals of PostgreSQL, for database administrators and system developers},
	year = {2021},
	month = {08},
	note = {Online.},
	url = {http://www.interdb.jp/pg/pgsql01.html},
	language = {english},
	keywords = {other refs, online}
}

@book{
	Tesoriero2013,
	author = {Tesoriero, Claudio},
	title = {Getting Started with OrientDB},
	year = {2013},
	month = {08},
	month = {08},
	day = {26},
	publisher = {Packt Publishing},
	isbn = {978-1782169956},
	url = {https://www.packtpub.com/product/getting-started-with-orientdb/9781782169956},
	note = {},
	language = {english},
	keywords = {graph databases, book}
}

@online{
	ThomsonReutersBakerTharindiBailey2016,
	author = {{Thomson Reuters} and Baker, Tim and Hapuarachchi, Tharindi and Bailey, Bob},
	title = {The future is graph shaped},
	year = {2016},
	month = {10},
	day = {11},
	url = {https://web.archive.org/web/20201127053648/https://blogs.thomsonreuters.com/answerson/future-graph-shaped/},
	note = {Online.},
	language = {english},
	keywords = {other refs, online}
}

@online{
	TrylksTravers2013,
	author = {{Trylks} and Travers, Chris},
	title = {PostgreSQL temporary table cache in memory?},
	year = {2013},
	month = {01},
	day = {04},
	url = {https://stackoverflow.com/questions/14162917/postgresql-temporary-table-cache-in-memory},
	note = {Online. Stack Overflow question.},
	language = {english},
	keywords = {other refs, online}
}

@misc{
	TuZengWangZhangLiuSunZhangLin2018,
	author = {Tu, Cunchao and Zeng, Xiangkai and Wang, Hao and Zhang, Zhengyan and Liu, Zhiyuan and Sun, Maosong and Zhang, Bo and Lin, Leyu},
	title = {A Unified Framework for Community Detection and Network Representation Learning},
	year = {2018},
	eprint = {1611.06645},
	url = {https://arxiv.org/abs/1611.06645},
	pagetotal = {14},
	language = {english},
	keywords = {community detection, article}
}

@online{
	UXWing2020,
	author = {{UXWing}},
	title = {Icons},
	year = {2020},
	month = {05},
	note = {Online.},
	url = {https://uxwing.com/},
	keywords = {other refs, online}
}

@article{
	Valiant1990,
	title = {A bridging model for parallel computation},
	author = {Valiant, Leslie G.},
	journal = {Commun. ACM},
	year = {1990},
	month = {08},
	volume = {33},
	pages = {103-111},
	pagetotal = {9},
	location = {New York, NY, USA},
	doi = {10.1145/79173.79181},
	url = {https://www.semanticscholar.org/paper/A-bridging-model-for-parallel-computation-Valiant/8665c9b459e4161825baf1f25b5141f41a5085ff},
	note = {\url{https://dl.acm.org/doi/10.1145/79173.79181}},
	language = {english},
	keywords = {other refs, article}
}

@mastersthesis{
	Venturini2020,
	author = {Venturini, Sara},
	title = {Methods for community detection in multi-layer networks},
	year = {2020},
	month = {07},
	day = {17},
	institution = {University of Padua},
	school = {Department of Mathematics},
	pagetotal = {143},
	url = {http://tesi.cab.unipd.it/64409/},
	language = {english},
	keywords = {community detection, thesis}
}

@online{
	W3CHermanRdfFAQ2021,
	author = {W3C, The World Wide Web Consortium and Herman, Ivan},
	title = {W3C Semantic Web Frequently Asked Questions},
	year = {2021},
	month = {08},
	url = {https://www.w3.org/RDF/FAQ},
	note = {Online.},
	language = {english},
	keywords = {other refs, online}
}

@online{
	W3CLargeTripleStores2021,
	author = {W3C, The World Wide Web Consortium},
	title = {Large Triple Stores},
	year = {2021},
	month = {04},
	day = {15},
	url = {https://www.w3.org/wiki/LargeTripleStores},
	note = {Online.},
	language = {english},
	keywords = {other refs, online}
}

@online{
	W3COWLWebOntologyLanguage2004,
	author = {W3C, The World Wide Web Consortium},
	title = {W3C Recommendation - OWL Web Ontology Language},
	year = {2004},
	month = {02},
	day = {10},
	url = {https://www.w3.org/TR/owl-features/},
	note = {Online.},
	language = {english},
	keywords = {other refs, online}
}

@online{
	W3CRDFPrimer2004,
	author = {W3C, The World Wide Web Consortium},
	title = {W3C Working Group Note - RDF 1.1 Primer},
	year = {2014},
	month = {06},
	day = {24},
	url = {https://www.w3.org/TR/rdf11-primer/},
	note = {Online.},
	language = {english},
	keywords = {other refs, online}
}

@online{
	W3CRdfStoreBenchmarking2021,
	author = {W3C, The World Wide Web Consortium},
	title = {Rdf Store Benchmarking},
	year = {2018},
	month = {10},
	day = {18},
	url = {https://www.w3.org/wiki/RdfStoreBenchmarking},
	note = {Online.},
	language = {english},
	keywords = {other refs, online}
}

@online{
	W3CRdfXMLSyntax2021,
	author = {W3C, The World Wide Web Consortium},
	title = {W3C Recommendation - RDF 1.1 XML Syntax},
	year = {2014},
	month = {02},
	day = {25},
	url = {https://www.w3.org/TR/rdf-syntax-grammar/},
	note = {Online.},
	language = {english},
	keywords = {other refs, online}
}

@online{
	W3CRDFConcepts2014,
	author = {W3C, The World Wide Web Consortium},
	title = {W3C Recommendation - RDF 1.1 Concepts and Abstract Syntax, Data Model},
	year = {2014},
	month = {02},
	day = {25},
	url = {https://www.w3.org/TR/2014/REC-rdf11-concepts-20140225/#data-model},
	note = {Online.},
	language = {english},
	keywords = {other refs, online}
}

@online{
	W3CSemanticWebInference2021,
	author = {W3C, The World Wide Web Consortium},
	title = {W3C Semantic Web - Inference},
	year = {2021},
	month = {08},
	url = {https://www.w3.org/standards/semanticweb/inference},
	note = {Online.},
	language = {english},
	keywords = {other refs, online}
}

@online{
	W3CSemanticWebLinkedData2021,
	author = {W3C, The World Wide Web Consortium},
	title = {W3C Semantic Web - Linked Data},
	year = {2021},
	month = {08},
	url = {https://www.w3.org/standards/semanticweb/data},
	note = {Online.},
	language = {english},
	keywords = {other refs, online}
}

@online{
	W3CSemanticWebOntologies2021,
	author = {W3C, The World Wide Web Consortium},
	title = {W3C Semantic Web - Ontologies, Vocabolaries},
	year = {2021},
	month = {08},
	url = {https://www.w3.org/standards/semanticweb/ontology.html},
	note = {Online.},
	language = {english},
	keywords = {other refs, online}
}

@online{
	W3CSemanticWebRDF2014,
	author = {W3C, The World Wide Web Consortium},
	title = {W3C Semantic Web - Resource Description Framework (RDF)},
	year = {2014},
	month = {02},
	day = {25},
	url = {https://www.w3.org/RDF/},
	note = {Online.},
	language = {english},
	keywords = {other refs, online}
}

@online{
	W3CSPARQL2008,
	author = {W3C, The World Wide Web Consortium},
	title = {W3C Recommendation - SPARQL Query Language for RDF},
	year = {2008},
	month = {01},
	day = {15},
	url = {https://www.w3.org/TR/rdf-sparql-query/},
	note = {Online.},
	language = {english},
	keywords = {other refs, online}
}

@misc{
	WagensellerIIIWang2017,
	author = {Wagenseller III, Paul and Wang, Feng},
	title = {Size Matters: A Comparative Analysis of Community Detection Algorithms},
	year = {2017},
	eprint = {1712.01690},
	url = {https://arxiv.org/abs/1712.01690},
	pagetotal = {9},
	language = {english},
	keywords = {community detection, article}
}

@inproceedings{
	WangTangGaoLiu2010, 
	author = {Wang, Xufei and Tang, Lei and Gao, Huiji and Liu, Huan},
	booktitle = {2010 IEEE International Conference on Data Mining},
	title = {Discovering Overlapping Groups in Social Media},
	year = {2010},
	month = {12},
	pages = {569-578},
	pagetotal = {10},
	doi = {10.1109/ICDM.2010.48},
	issn = {2374-8486},
	note = {},
	language = {english},
	keywords = {community detection, article}
}

@book{
	Wiese2015,
	author = {Wiese, Lena},
	title = {Advanced Data Management: For SQL, NoSQL, Cloud and Distributed Database},
	year = {2015},
	month = {10},
	day = {16},
	publisher = {Walter de Gruyter GmbH},
	pagetotal = {374},
	isbn = {978-3110441406},
	url = {https://www.oreilly.com/library/view/advanced-data-management/9783110433074/},
	note = {},
	language = {english},
	keywords = {graph databases, book}
}

@online{
	WikipediaApacheSpark2021,
	author = {{Wikimedia Foundation, Inc.}},
	title = {Wikipedia - Apache Spark},
	year = {2021},
	month = {08},
	day = {16},
	url = {https://en.wikipedia.org/wiki/Apache_Spark},
	note = {Online.},
	language = {english},
	keywords = {graph databases, online}
}

@online{
	WikipediaBreadthfirstsearch2021,
	author = {{Wikimedia Foundation, Inc.}},
	title = {Wikipedia - Breadth-first search},
	year = {2021},
	month = {08},
	day = {16},
	url = {https://en.wikipedia.org/wiki/Breadth-first_search},
	note = {Online.},
	language = {english},
	keywords = {graph theory and algorithms, online}
}

@online{
	WikipediaDepthfirstsearch2021,
	author = {{Wikimedia Foundation, Inc.}},
	title = {Wikipedia - Depth-first search},
	year = {2021},
	month = {08},
	day = {16},
	url = {https://en.wikipedia.org/wiki/Depth-first_search},
	note = {Online.},
	language = {english},
	keywords = {graph theory and algorithms, online}
}

@online{
	WikipediaGraphDatabase2021,
	author = {{Wikimedia Foundation, Inc.}},
	title = {Wikipedia - Graph Database},
	year = {2021},
	month = {08},
	day = {14},
	url = {https://en.wikipedia.org/wiki/Graph_database},
	note = {Online.},
	language = {english},
	keywords = {graph databases, online}
}

@online{
	WikipediaGraphpartition2021,
	author = {{Wikimedia Foundation, Inc.}},
	title = {Wikipedia - Graph partition},
	year = {2021},
	month = {08},
	day = {17},
	url = {https://en.wikipedia.org/wiki/Graph_partition},
	note = {Online.},
	language = {english},
	keywords = {community detection, online}
}

@online{
	WikipediaMilanoMetro2021,
	author = {{Wikimedia Foundation, Inc.}},
	title = {Wikipedia - List of Milan Metro stations},
	year = {2021},
	month = {09},
	day = {04},
	url = {https://en.wikipedia.org/wiki/List_of_Milan_Metro_stations},
	note = {Online.},
	language = {english},
	keywords = {other refs, online}
}

@online{
	WikipediaSPARQL2021,
	author = {{Wikimedia Foundation, Inc.}},
	title = {Wikipedia - SPARQL},
	year = {2021},
	month = {08},
	day = {16},
	url = {https://en.wikipedia.org/wiki/SPARQL},
	note = {Online.},
	language = {english},
	keywords = {graph databases, online}
}

@online{
	WikipediaTriplestore2021,
	author = {{Wikimedia Foundation, Inc.}},
	title = {Wikipedia - Triplestore},
	year = {2021},
	month = {08},
	day = {15},
	url = {https://en.wikipedia.org/wiki/Triplestore},
	note = {Online.},
	language = {english},
	keywords = {graph databases, online}
}

@online{
	WiredArticleWeAretheWeb2005,
	author = {Kelly, Kevin},
	title = {We Are the Web},
	year = {2005},
	month = {01},
	day = {08},
	url = {https://www.wired.com/2005/08/tech/},
	note = {Wired article.},
	language = {english},
	keywords = {other refs, online}
}

@misc{
	WuWuChenLiZhang2021,
	author = {Wu, Sissi Xiaoxiao and Wu, Zixian and Chen, Shihui and Li, Gangqiang and Zhang, Shengli},
	title = {Community Detection in Blockchain Social Networks},
	year = {2021},
	eprint = {2101.06406},
	url = {https://arxiv.org/abs/2101.06406},
	pagetotal = {11},
	language = {english},
	keywords = {community detection, article}
}

@misc{
	XieChenSzymanski2013,
	author = {Xie, Jierui and Chen, Mingming and Szymanski, Boleslaw K.},
	title = {LabelRankT: Incremental Community Detection in Dynamic Networks via Label Propagation},
	year = {2013},
	eprint = {1305.2006},
	url = {https://arxiv.org/abs/1305.2006},
	pagetotal = {8},
	language = {english},
	keywords = {community detection, article}
}

@article{
	XieKelleySzymanski2013,
	author = {Xie, Jierui and Kelley, Stephen and Szymanski, Boleslaw K.},
	title = {Overlapping community detection in networks},
	year = {2013},
	month = {08},
	journal = {ACM Computing Surveys},
	publisher = {Association for Computing Machinery (ACM)},
	volume = {45},
	number = {4},
	issn = {1557-7341},
	doi = {10.1145/2501654.2501657},
	pages = {1-35},
	url = {https://arxiv.org/abs/1110.5813},
	pagetotal = {37},
	language = {english},
	keywords = {community detection, article}
}

@article{
	XieSzymanski2011,
	author = {Xie, Jierui and Szymanski, Boleslaw K.},
	title = {Community detection using a neighborhood strength driven Label Propagation Algorithm},
	year = {2011},
	month = {06},
	journal = {2011 IEEE Network Science Workshop},
	publisher = {IEEE},
	isbn = {9781457710490},
	doi = {10.1109/nsw.2011.6004645},
	url = {https://arxiv.org/abs/1105.3264},
	pagetotal = {8},
	language = {english},
	keywords = {community detection, article}
}

@inproceedings{
	YanChengXingLuNgBu2014,
	author = {Yan, Da and Cheng, James and Xing, Kai and Lu, Yi and Ng, Wee Keong and Bu, Yingyi},
	title = {Pregel Algorithms for Graph Connectivity Problems with Performance Guarantees},
	booktitle = {Proceedings of the VLDB Endowment 7(14)},
	year = {2014},
	month = {10},
	volume = {7},
	pages = {1821-1832},
	pagetotal = {12},
	url = {https://www.researchgate.net/publication/271020290_Pregel_Algorithms_for_Graph_Connectivity_Problems_with_Performance_Guarantees},
	doi = {10.14778/2733085.2733089},
	note = {},
	language = {english},
	keywords = {community detection, article}
}

@article{
	YangAlgesheimerTessone2016,
	author = {Yang, Zhao and Algesheimer, René and Tessone, Claudio J.},
	title = {A Comparative Analysis of Community Detection Algorithms on Artificial Networks},
	year = {2016},
	month = {08},
	journal = {Scientific Reports},
	publisher = {Springer Science and Business Media LLC},
	volume = {6},
	number = {1},
	issn = {2045-2322},
	doi = {10.1038/srep30750},
	url = {https://arxiv.org/abs/1608.00763},
	pagetotal = {13},
	language = {english},
	keywords = {community detection, article}
}

@article{
	ZhuZhouJiaLiuLiuCao2020,
	author = {Zhu, Ziqing and Zhou, Tao and Jia, Chenghao and Liu, Weijia and Liu, Bo and Cao, Jiuxin},
	title = {Community detection across multiple social networks based on overlapping users},
	year = {2020},
	month = {03},
	journal = {Transactions on Emerging Telecommunications Technologies},
	publisher = {Wiley},
	issn = {2161-3915},
	doi = {10.1002/ett.3928},
	url = {https://arxiv.org/abs/1909.09007},
	pagetotal = {11},
	language = {english},
	keywords = {community detection, article}
}
